id,timestamp,symbol,bid_price,bid_size,ask_price,ask_size
1,2025-07-28T14:45:59.464442,SPY,637.72,1,637.73,1
2,2025-07-28T14:45:59.465276,SPY,637.72,1,637.73,3
3,2025-07-28T14:45:59.465694,SPY,637.72,1,637.73,1
4,2025-07-28T14:45:59.466086,SPY,637.7,4,637.73,1
5,2025-07-28T14:45:59.466452,SPY,637.7,4,637.73,3
6,2025-07-28T14:45:59.466809,SPY,637.7,4,637.73,1
7,2025-07-28T14:45:59.467215,SPY,637.72,1,637.73,1
8,2025-07-28T14:45:59.467761,AAPL,214.5,2,214.51,1
9,2025-07-28T14:45:59.468066,AAPL,214.5,2,214.53,1
10,2025-07-28T14:45:59.497186,SPY,637.72,1,637.74,3
11,2025-07-28T14:45:59.501188,SPY,637.72,2,637.74,3
12,2025-07-28T14:45:59.516524,SPY,637.72,1,637.74,3
13,2025-07-28T14:45:59.517033,SPY,637.72,1,637.73,1
14,2025-07-28T14:45:59.605033,AAPL,214.5,2,214.51,1
15,2025-07-28T14:45:59.654947,SPY,637.72,1,637.73,3
16,2025-07-28T14:45:59.656539,AAPL,214.5,2,214.53,1
17,2025-07-28T14:45:59.657626,SPY,637.72,1,637.73,1
18,2025-07-28T14:45:59.658579,SPY,637.72,1,637.73,3
19,2025-07-28T14:45:59.659367,SPY,637.72,1,637.73,1
20,2025-07-28T14:45:59.660084,AAPL,214.5,1,214.53,1
21,2025-07-28T14:45:59.661178,AAPL,214.47,2,214.53,1
22,2025-07-28T14:45:59.663028,AAPL,214.5,1,214.53,1
23,2025-07-28T14:45:59.664397,AAPL,214.5,2,214.53,1
24,2025-07-28T14:45:59.701835,SPY,637.72,1,637.74,3
25,2025-07-28T14:45:59.703633,SPY,637.72,2,637.74,3
26,2025-07-28T14:45:59.749688,SPY,637.72,1,637.74,3
27,2025-07-28T14:45:59.753005,SPY,637.72,3,637.74,3
28,2025-07-28T14:45:59.754514,SPY,637.72,4,637.74,3
29,2025-07-28T14:45:59.804428,SPY,637.72,3,637.74,3
30,2025-07-28T14:45:59.807288,SPY,637.72,1,637.74,3
31,2025-07-28T14:45:59.808866,SPY,637.72,2,637.74,3
32,2025-07-28T14:45:59.904140,SPY,637.72,4,637.74,3
33,2025-07-28T14:45:59.906222,SPY,637.72,6,637.74,3
34,2025-07-28T14:45:59.934773,SPY,637.72,5,637.74,3
35,2025-07-28T14:45:59.936923,SPY,637.72,3,637.74,3
36,2025-07-28T14:45:59.938562,SPY,637.72,1,637.74,3
37,2025-07-28T14:45:59.939704,SPY,637.7,4,637.74,3
38,2025-07-28T14:45:59.941099,SPY,637.71,1,637.74,3
39,2025-07-28T14:45:59.942438,SPY,637.72,1,637.74,3
40,2025-07-28T14:45:59.943908,SPY,637.72,2,637.74,3
41,2025-07-28T14:46:00.008432,SPY,637.72,4,637.74,3
42,2025-07-28T14:46:00.030138,SPY,637.72,6,637.74,3
43,2025-07-28T14:46:00.032127,SPY,637.72,4,637.74,3
44,2025-07-28T14:46:00.033503,SPY,637.72,6,637.74,3
45,2025-07-28T14:46:00.034734,SPY,637.72,6,637.74,1
46,2025-07-28T14:46:00.036004,SPY,637.72,5,637.74,1
47,2025-07-28T14:46:00.036922,SPY,637.72,6,637.74,1
48,2025-07-28T14:46:00.037991,SPY,637.72,5,637.74,1
49,2025-07-28T14:46:00.046960,SPY,637.73,1,637.74,1
50,2025-07-28T14:46:00.047665,SPY,637.72,5,637.74,1
51,2025-07-28T14:46:00.048199,SPY,637.72,3,637.74,1
52,2025-07-28T14:46:00.068436,SPY,637.72,3,637.74,2
53,2025-07-28T14:46:00.070367,SPY,637.72,3,637.74,1
54,2025-07-28T14:46:00.071497,AAPL,214.5,1,214.53,1
55,2025-07-28T14:46:00.072055,AAPL,214.5,1,214.51,1
56,2025-07-28T14:46:00.072588,AAPL,214.47,2,214.51,1
57,2025-07-28T14:46:00.073145,AAPL,214.47,2,214.51,2
58,2025-07-28T14:46:00.073777,AAPL,214.47,2,214.51,1
59,2025-07-28T14:46:00.077476,SPY,637.72,3,637.74,2
60,2025-07-28T14:46:00.089058,AAPL,214.47,2,214.53,1
61,2025-07-28T14:46:00.090130,AAPL,214.47,2,214.53,1
62,2025-07-28T14:46:00.090798,AAPL,214.5,1,214.53,1
63,2025-07-28T14:46:00.091554,AAPL,214.5,2,214.53,1
64,2025-07-28T14:46:00.095155,SPY,637.72,3,637.74,1
65,2025-07-28T14:46:00.288434,SPY,637.72,3,637.74,2
66,2025-07-28T14:46:00.465185,SPY,637.72,3,637.74,3
67,2025-07-28T14:46:00.477191,SPY,637.72,3,637.74,5
68,2025-07-28T14:46:00.503549,SPY,637.72,3,637.74,4
69,2025-07-28T14:46:00.504865,SPY,637.72,3,637.74,2
70,2025-07-28T14:46:00.610051,MSFT,513.0,1,518.0,1
71,2025-07-28T14:46:00.611961,MSFT,513.0,1,513.43,1
72,2025-07-28T14:46:00.613747,MSFT,513.0,1,518.0,1
73,2025-07-28T14:46:00.614800,MSFT,513.0,1,513.7,1
74,2025-07-28T14:46:00.680574,AAPL,214.5,1,214.53,1
75,2025-07-28T14:46:00.683044,AAPL,214.47,2,214.53,1
76,2025-07-28T14:46:00.726663,SPY,637.72,3,637.74,3
77,2025-07-28T14:46:00.728771,SPY,637.72,3,637.74,5
78,2025-07-28T14:46:00.730519,SPY,637.72,3,637.74,6
79,2025-07-28T14:46:00.731908,SPY,637.72,1,637.74,6
80,2025-07-28T14:46:00.733674,SPY,637.7,4,637.74,6
81,2025-07-28T14:46:00.736046,SPY,637.7,4,637.74,4
82,2025-07-28T14:46:00.741175,SPY,637.7,4,637.74,7
83,2025-07-28T14:46:00.741993,SPY,637.7,4,637.74,6
84,2025-07-28T14:46:00.742652,SPY,637.7,4,637.74,5
85,2025-07-28T14:46:00.743803,SPY,637.72,1,637.74,5
86,2025-07-28T14:46:00.744409,SPY,637.7,4,637.74,5
87,2025-07-28T14:46:00.745020,AAPL,214.47,2,214.51,1
88,2025-07-28T14:46:00.745779,SPY,637.7,4,637.73,3
89,2025-07-28T14:46:00.821134,SPY,637.7,4,637.73,2
90,2025-07-28T14:46:00.822357,SPY,637.72,1,637.73,2
91,2025-07-28T14:46:00.823065,SPY,637.72,2,637.73,2
92,2025-07-28T14:46:00.823659,AAPL,214.47,2,214.53,1
93,2025-07-28T14:46:00.824221,SPY,637.72,2,637.74,1
94,2025-07-28T14:46:00.824770,AAPL,214.5,1,214.53,1
95,2025-07-28T14:46:00.825683,AAPL,214.5,2,214.53,1
96,2025-07-28T14:46:00.826984,AAPL,214.49,2,214.53,1
97,2025-07-28T14:46:00.827867,AAPL,214.49,2,214.51,1
98,2025-07-28T14:46:00.829157,AAPL,214.49,1,214.51,1
99,2025-07-28T14:46:00.830804,AAPL,214.49,2,214.51,1
100,2025-07-28T14:46:00.831553,AAPL,214.49,1,214.51,1
101,2025-07-28T14:46:00.832326,AAPL,214.49,1,214.51,2
102,2025-07-28T14:46:00.832934,AAPL,214.49,1,214.51,3
103,2025-07-28T14:46:00.833531,SPY,637.72,1,637.74,1
104,2025-07-28T14:46:00.834137,AAPL,214.47,2,214.51,3
105,2025-07-28T14:46:00.834708,AAPL,214.48,1,214.51,3
106,2025-07-28T14:46:00.835231,AAPL,214.48,1,214.51,2
107,2025-07-28T14:46:00.835737,AAPL,214.48,1,214.51,3
108,2025-07-28T14:46:00.836245,AAPL,214.48,1,214.51,4
109,2025-07-28T14:46:00.836764,AAPL,214.48,2,214.51,4
110,2025-07-28T14:46:00.837510,AAPL,214.48,2,214.51,3
111,2025-07-28T14:46:00.838395,AAPL,214.48,2,214.51,4
112,2025-07-28T14:46:00.839215,AAPL,214.48,2,214.51,3
113,2025-07-28T14:46:00.840323,SPY,637.72,1,637.74,3
114,2025-07-28T14:46:00.840794,SPY,637.72,1,637.74,4
115,2025-07-28T14:46:00.841239,AAPL,214.49,1,214.51,3
116,2025-07-28T14:46:00.841729,AAPL,214.49,2,214.51,3
117,2025-07-28T14:46:00.842214,AAPL,214.49,2,214.51,2
118,2025-07-28T14:46:00.842761,SPY,637.72,2,637.74,4
119,2025-07-28T14:46:00.843433,SPY,637.72,2,637.73,3
120,2025-07-28T14:46:00.848489,SPY,637.72,1,637.73,3
121,2025-07-28T14:46:00.849089,AAPL,214.49,2,214.5,2
122,2025-07-28T14:46:00.849470,AAPL,214.49,1,214.5,2
123,2025-07-28T14:46:00.849849,AAPL,214.48,1,214.5,2
124,2025-07-28T14:46:00.850235,AAPL,214.48,1,214.51,2
125,2025-07-28T14:46:00.850620,AAPL,214.49,1,214.51,2
126,2025-07-28T14:46:00.850996,SPY,637.72,1,637.73,3
127,2025-07-28T14:46:00.852676,SPY,637.72,1,637.74,4
128,2025-07-28T14:46:00.853074,SPY,637.72,1,637.74,2
129,2025-07-28T14:46:00.853462,SPY,637.72,2,637.74,2
130,2025-07-28T14:46:00.872060,SPY,637.72,2,637.73,1
131,2025-07-28T14:46:00.872665,AAPL,214.49,1,214.5,1
132,2025-07-28T14:46:00.873192,AAPL,214.48,1,214.5,1
133,2025-07-28T14:46:00.873707,AAPL,214.48,1,214.51,2
134,2025-07-28T14:46:00.874516,AAPL,214.49,1,214.51,2
135,2025-07-28T14:46:00.950701,SPY,637.72,2,637.74,2
136,2025-07-28T14:46:00.952720,SPY,637.72,2,637.74,1
137,2025-07-28T14:46:00.953634,SPY,637.72,1,637.74,1
138,2025-07-28T14:46:00.985361,AAPL,214.48,2,214.51,2
139,2025-07-28T14:46:00.986950,AAPL,214.48,2,214.5,1
140,2025-07-28T14:46:00.988441,AAPL,214.48,1,214.5,1
141,2025-07-28T14:46:01.001295,MSFT,513.36,1,513.7,1
142,2025-07-28T14:46:01.017317,MSFT,513.0,1,513.7,1
143,2025-07-28T14:46:01.019501,SPY,637.7,4,637.74,1
144,2025-07-28T14:46:01.021364,AAPL,214.48,1,214.51,1
145,2025-07-28T14:46:01.022103,AAPL,214.49,1,214.51,1
146,2025-07-28T14:46:01.022851,AAPL,214.49,2,214.51,1
147,2025-07-28T14:46:01.084630,AAPL,214.49,2,214.5,1
148,2025-07-28T14:46:01.086620,AAPL,214.49,1,214.5,1
149,2025-07-28T14:46:01.088321,AAPL,214.48,1,214.5,1
150,2025-07-28T14:46:01.125791,SPY,637.72,3,637.74,1
151,2025-07-28T14:46:01.135879,AAPL,214.48,1,214.5,2
152,2025-07-28T14:46:01.175353,AAPL,214.48,1,214.5,1
153,2025-07-28T14:46:01.177562,AAPL,214.48,1,214.51,1
154,2025-07-28T14:46:01.199518,AAPL,214.48,1,214.5,1
155,2025-07-28T14:46:01.206762,AAPL,214.48,1,214.5,2
156,2025-07-28T14:46:01.219879,AAPL,214.48,1,214.5,1
157,2025-07-28T14:46:01.224156,AAPL,214.48,1,214.51,1
158,2025-07-28T14:46:01.226689,AAPL,214.48,1,214.5,1
159,2025-07-28T14:46:01.227613,AAPL,214.49,1,214.5,1
160,2025-07-28T14:46:01.228209,AAPL,214.49,2,214.5,1
161,2025-07-28T14:46:01.228764,SPY,637.72,3,637.74,2
162,2025-07-28T14:46:01.258031,AAPL,214.48,3,214.5,1
163,2025-07-28T14:46:01.258902,AAPL,214.48,2,214.5,1
164,2025-07-28T14:46:01.561533,AAPL,214.49,1,214.5,1
165,2025-07-28T14:46:01.563972,AAPL,214.49,2,214.5,1
166,2025-07-28T14:46:01.669762,AAPL,214.48,3,214.5,1
167,2025-07-28T14:46:01.672915,AAPL,214.48,2,214.5,1
168,2025-07-28T14:46:01.674888,AAPL,214.48,2,214.5,2
169,2025-07-28T14:46:01.676934,AAPL,214.48,2,214.5,3
170,2025-07-28T14:46:01.693112,AAPL,214.48,2,214.5,2
171,2025-07-28T14:46:01.697023,AAPL,214.48,2,214.5,3
172,2025-07-28T14:46:01.700115,AAPL,214.48,2,214.5,2
173,2025-07-28T14:46:01.781528,AAPL,214.48,2,214.5,1
174,2025-07-28T14:46:01.783889,AAPL,214.48,2,214.5,2
175,2025-07-28T14:46:01.856609,SPY,637.72,3,637.74,4
176,2025-07-28T14:46:01.862731,AAPL,214.48,2,214.5,1
177,2025-07-28T14:46:01.886206,SPY,637.72,3,637.74,2
178,2025-07-28T14:46:01.918733,AAPL,214.49,1,214.5,1
179,2025-07-28T14:46:01.920921,AAPL,214.49,2,214.5,1
180,2025-07-28T14:46:01.932687,AAPL,214.48,3,214.5,1
181,2025-07-28T14:46:01.934901,AAPL,214.48,2,214.5,1
182,2025-07-28T14:46:01.936860,AAPL,214.48,2,214.5,2
183,2025-07-28T14:46:01.957748,AAPL,214.48,2,214.5,1
184,2025-07-28T14:46:01.971143,AAPL,214.49,1,214.5,1
185,2025-07-28T14:46:01.972148,AAPL,214.49,2,214.5,1
186,2025-07-28T14:46:02.278995,SPY,637.72,3,637.74,4
187,2025-07-28T14:46:02.281148,SPY,637.72,1,637.74,4
188,2025-07-28T14:46:02.282092,AAPL,214.49,1,214.5,1
189,2025-07-28T14:46:02.282846,SPY,637.72,1,637.74,2
190,2025-07-28T14:46:02.283560,AAPL,214.48,1,214.5,1
191,2025-07-28T14:46:02.284455,AAPL,214.48,1,214.5,2
192,2025-07-28T14:46:02.285744,SPY,637.7,4,637.74,2
193,2025-07-28T14:46:02.287232,SPY,637.72,1,637.74,2
194,2025-07-28T14:46:02.304747,AAPL,214.48,1,214.49,1
195,2025-07-28T14:46:02.306884,AAPL,214.48,1,214.5,3
196,2025-07-28T14:46:02.308505,AAPL,214.48,1,214.5,4
197,2025-07-28T14:46:02.309991,AAPL,214.46,2,214.5,4
198,2025-07-28T14:46:02.311896,AAPL,214.46,2,214.5,6
199,2025-07-28T14:46:02.313693,AAPL,214.46,1,214.5,6
200,2025-07-28T14:46:02.315659,AAPL,214.46,1,214.5,7
201,2025-07-28T14:46:02.316577,AAPL,214.46,1,214.5,8
202,2025-07-28T14:46:02.317293,AAPL,214.46,1,214.5,7
203,2025-07-28T14:46:02.317996,AAPL,214.46,1,214.5,8
204,2025-07-28T14:46:02.318683,AAPL,214.46,1,214.5,7
205,2025-07-28T14:46:02.319240,AAPL,214.47,1,214.5,7
206,2025-07-28T14:46:02.319837,AAPL,214.47,1,214.5,8
207,2025-07-28T14:46:02.320590,AAPL,214.47,1,214.5,9
208,2025-07-28T14:46:02.321143,AAPL,214.47,1,214.5,8
209,2025-07-28T14:46:02.322997,AAPL,214.48,1,214.5,8
210,2025-07-28T14:46:02.323584,AAPL,214.48,2,214.5,8
211,2025-07-28T14:46:02.324087,AAPL,214.48,2,214.5,7
212,2025-07-28T14:46:02.324574,AAPL,214.48,2,214.5,6
213,2025-07-28T14:46:02.325319,AAPL,214.48,2,214.5,5
214,2025-07-28T14:46:02.325824,SPY,637.7,4,637.74,2
215,2025-07-28T14:46:02.326504,AAPL,214.48,2,214.49,2
216,2025-07-28T14:46:02.327018,AAPL,214.48,2,214.49,3
217,2025-07-28T14:46:02.327614,AAPL,214.48,2,214.49,1
218,2025-07-28T14:46:02.334725,AAPL,214.48,1,214.49,1
219,2025-07-28T14:46:02.337239,AAPL,214.47,1,214.49,1
220,2025-07-28T14:46:02.447499,AAPL,214.47,1,214.5,3
221,2025-07-28T14:46:02.450583,AAPL,214.48,1,214.5,3
222,2025-07-28T14:46:02.451883,AAPL,214.48,2,214.5,3
223,2025-07-28T14:46:02.453276,AAPL,214.48,2,214.5,4
224,2025-07-28T14:46:02.454729,AAPL,214.48,2,214.5,3
225,2025-07-28T14:46:02.456207,AAPL,214.48,1,214.5,3
226,2025-07-28T14:46:02.457606,AAPL,214.48,1,214.5,4
227,2025-07-28T14:46:02.458788,AAPL,214.47,1,214.5,4
228,2025-07-28T14:46:02.460127,AAPL,214.47,1,214.5,5
229,2025-07-28T14:46:02.462431,AAPL,214.47,1,214.49,1
230,2025-07-28T14:46:02.464429,AAPL,214.47,1,214.49,2
231,2025-07-28T14:46:02.465299,AAPL,214.47,1,214.49,1
232,2025-07-29T14:37:33.900319,SMCI,60.9,3,60.93,2
233,2025-07-29T14:37:33.903661,SMCI,60.9,2,60.93,2
234,2025-07-29T14:37:33.906024,SMCI,60.91,1,60.93,2
235,2025-07-29T14:37:34.035804,SMCI,60.91,1,60.94,2
236,2025-07-29T14:37:34.039585,SMCI,60.91,1,60.94,1
237,2025-07-29T14:37:34.041078,SMCI,60.91,1,60.97,1
238,2025-07-29T14:37:34.043211,SMCI,60.9,2,60.97,1
239,2025-07-29T14:37:34.044902,SMCI,60.89,2,60.97,1
240,2025-07-29T14:37:34.046498,SMCI,60.89,2,60.93,1
241,2025-07-29T14:37:34.050538,SMCI,60.89,1,60.93,1
242,2025-07-29T14:37:34.052538,SMCI,60.89,1,60.92,1
243,2025-07-29T14:37:34.053491,SMCI,60.89,1,60.92,2
244,2025-07-29T14:37:34.054241,SMCI,60.89,1,60.92,3
245,2025-07-29T14:37:34.054967,SMCI,60.89,1,60.92,2
246,2025-07-29T14:37:34.055962,SMCI,60.89,1,60.92,3
247,2025-07-29T14:37:34.056949,SMCI,60.89,1,60.92,4
248,2025-07-29T14:37:34.057689,SMCI,60.88,1,60.92,4
249,2025-07-29T14:37:34.059685,SMCI,60.88,1,60.92,3
250,2025-07-29T14:37:34.060550,SMCI,60.88,1,60.91,1
251,2025-07-29T14:37:34.061211,SMCI,60.88,1,60.91,2
252,2025-07-29T14:37:34.061798,SMCI,60.88,1,60.91,2
253,2025-07-29T14:37:34.062425,SMCI,60.88,1,60.91,3
254,2025-07-29T14:37:34.062976,SMCI,60.88,1,60.91,2
255,2025-07-29T14:37:34.063536,SMCI,60.88,1,60.91,3
256,2025-07-29T14:37:34.064099,SMCI,60.88,1,60.91,4
257,2025-07-29T14:37:34.065557,SMCI,60.88,2,60.91,4
258,2025-07-29T14:37:34.066087,SMCI,60.88,1,60.91,4
259,2025-07-29T14:37:34.066711,SMCI,60.88,1,60.91,3
260,2025-07-29T14:37:34.067246,SMCI,60.88,1,60.91,4
261,2025-07-29T14:37:34.067731,SMCI,60.88,1,60.91,3
262,2025-07-29T14:37:34.068439,SMCI,60.88,1,60.91,3
263,2025-07-29T14:37:34.068910,SMCI,60.88,1,60.91,4
264,2025-07-29T14:37:34.069369,SMCI,60.87,1,60.91,4
265,2025-07-29T14:37:34.069733,SMCI,60.87,1,60.91,3
266,2025-07-29T14:37:34.070089,SMCI,60.87,1,60.89,1
267,2025-07-29T14:37:34.071535,SMCI,60.87,1,60.9,1
268,2025-07-29T14:37:34.071979,SMCI,60.87,1,60.91,2
269,2025-07-29T14:37:34.072353,SMCI,60.87,1,60.9,1
270,2025-07-29T14:37:34.072915,SMCI,60.88,1,60.9,1
271,2025-07-29T14:37:34.073329,SMCI,60.88,2,60.9,1
272,2025-07-29T14:37:34.074651,SMCI,60.88,2,60.91,3
273,2025-07-29T14:37:34.075013,SMCI,60.88,2,60.91,2
274,2025-07-29T14:37:34.075437,SMCI,60.88,1,60.91,2
275,2025-07-29T14:37:34.075749,SMCI,60.88,2,60.91,2
276,2025-07-29T14:37:34.076076,SMCI,60.88,2,60.91,3
277,2025-07-29T14:37:34.076995,SMCI,60.88,2,60.91,4
278,2025-07-29T14:37:34.077317,SMCI,60.88,2,60.91,3
279,2025-07-29T14:37:34.077629,SMCI,60.88,2,60.91,4
280,2025-07-29T14:37:34.077954,SMCI,60.88,1,60.91,4
281,2025-07-29T14:37:34.078277,SMCI,60.88,1,60.91,3
282,2025-07-29T14:37:34.078600,SMCI,60.88,1,60.91,4
283,2025-07-29T14:37:34.079042,SMCI,60.88,2,60.91,4
284,2025-07-29T14:37:34.079363,SMCI,60.88,2,60.91,3
285,2025-07-29T14:37:34.079805,SMCI,60.88,2,60.91,4
286,2025-07-29T14:37:34.080213,SMCI,60.88,2,60.91,3
287,2025-07-29T14:37:34.080560,SMCI,60.88,2,60.91,2
288,2025-07-29T14:37:34.080982,SMCI,60.88,2,60.91,3
289,2025-07-29T14:37:34.081323,SMCI,60.88,2,60.91,2
290,2025-07-29T14:37:34.081618,SMCI,60.88,2,60.91,3
291,2025-07-29T14:37:34.081929,SMCI,60.88,2,60.91,2
292,2025-07-29T14:37:34.082288,SMCI,60.88,2,60.91,3
293,2025-07-29T14:37:34.082635,SMCI,60.88,2,60.91,2
294,2025-07-29T14:37:34.082983,SMCI,60.88,2,60.91,3
295,2025-07-29T14:37:34.083302,SMCI,60.88,2,60.91,2
296,2025-07-29T14:37:34.083876,SMCI,60.88,2,60.91,3
297,2025-07-29T14:37:34.084183,SMCI,60.88,2,60.91,2
298,2025-07-29T14:37:34.084484,SMCI,60.88,2,60.9,1
299,2025-07-29T14:37:34.107784,SMCI,60.88,2,60.91,2
300,2025-07-29T14:37:34.108361,SMCI,60.88,2,60.91,3
301,2025-07-29T14:37:34.109018,SMCI,60.88,2,60.91,2
302,2025-07-29T14:37:34.109367,SMCI,60.88,2,60.91,1
303,2025-07-29T14:37:34.109700,SMCI,60.89,1,60.91,1
304,2025-07-29T14:37:34.110040,SMCI,60.89,1,60.91,2
305,2025-07-29T14:37:34.110388,SMCI,60.89,1,60.91,1
306,2025-07-29T14:37:34.110732,SMCI,60.89,1,60.92,1
307,2025-07-29T14:37:34.111066,SMCI,60.89,2,60.92,1
308,2025-07-29T14:37:34.111372,SMCI,60.89,2,60.91,1
309,2025-07-29T14:37:34.112941,SMCI,60.89,2,60.92,1
310,2025-07-29T14:37:34.113345,SMCI,60.89,2,60.91,1
311,2025-07-29T14:37:34.113902,SMCI,60.89,1,60.91,1
312,2025-07-29T14:37:34.114286,SMCI,60.89,1,60.92,1
313,2025-07-29T14:37:34.114677,SMCI,60.89,1,60.9,1
314,2025-07-29T14:37:34.115000,SMCI,60.88,2,60.9,1
315,2025-07-29T14:37:34.204980,SMCI,60.88,2,60.92,1
316,2025-07-29T14:37:34.205864,SMCI,60.88,2,60.93,1
317,2025-07-29T14:37:34.206518,SMCI,60.89,1,60.93,1
318,2025-07-29T14:37:34.207181,SMCI,60.89,2,60.93,1
319,2025-07-29T14:37:34.207797,SMCI,60.89,3,60.93,1
320,2025-07-29T14:37:34.208403,SMCI,60.89,4,60.93,1
321,2025-07-29T14:37:34.208892,SMCI,60.89,3,60.93,1
322,2025-07-29T14:37:34.209403,SMCI,60.89,2,60.93,1
323,2025-07-29T14:37:34.210115,SMCI,60.9,1,60.93,1
324,2025-07-29T14:37:34.210995,SMCI,60.9,1,60.97,1
325,2025-07-29T14:37:34.211776,SMCI,60.9,2,60.97,1
326,2025-07-29T14:37:34.212283,SMCI,60.9,2,60.93,1
327,2025-07-29T14:37:34.212746,SMCI,60.9,3,60.93,1
328,2025-07-29T14:37:34.213182,SMCI,60.9,3,60.97,1
329,2025-07-29T14:37:34.213615,SMCI,60.9,2,60.97,1
330,2025-07-29T14:37:34.214224,SMCI,60.9,2,60.93,1
331,2025-07-29T14:37:34.214685,SMCI,60.9,1,60.93,1
332,2025-07-29T14:37:34.215180,SMCI,60.9,2,60.93,1
333,2025-07-29T14:37:34.215678,SMCI,60.9,3,60.93,1
334,2025-07-29T14:37:34.216138,SMCI,60.9,2,60.93,1
335,2025-07-29T14:37:34.216607,SMCI,60.9,1,60.93,1
336,2025-07-29T14:37:34.217155,SMCI,60.89,1,60.93,1
337,2025-07-29T14:37:34.245844,SMCI,60.89,1,60.93,2
338,2025-07-29T14:37:34.257756,SMCI,60.89,1,60.93,1
339,2025-07-29T14:37:34.258413,SMCI,60.89,1,60.94,1
340,2025-07-29T14:37:34.258987,SMCI,60.89,1,60.94,2
341,2025-07-29T14:37:34.259519,SMCI,60.9,1,60.94,2
342,2025-07-29T14:37:34.260041,SMCI,60.9,2,60.94,2
343,2025-07-29T14:37:34.260566,SMCI,60.9,2,60.94,1
344,2025-07-29T14:37:34.261153,SMCI,60.9,2,60.94,2
345,2025-07-29T14:37:34.261698,SMCI,60.9,3,60.94,2
346,2025-07-29T14:37:34.263473,SMCI,60.9,4,60.94,2
347,2025-07-29T14:37:34.264300,SMCI,60.9,4,60.94,1
348,2025-07-29T14:37:34.264918,SMCI,60.9,4,60.94,2
349,2025-07-29T14:37:34.265394,SMCI,60.9,4,60.94,1
350,2025-07-29T14:37:34.265972,SMCI,60.9,4,60.94,2
351,2025-07-29T14:37:34.266635,SMCI,60.9,4,60.94,1
352,2025-07-29T14:37:34.267166,SMCI,60.9,4,60.94,2
353,2025-07-29T14:37:34.267630,SMCI,60.9,4,60.94,1
354,2025-07-29T14:37:34.268686,SMCI,60.9,4,60.94,2
355,2025-07-29T14:37:34.269185,SMCI,60.9,4,60.94,1
356,2025-07-29T14:37:34.269548,SMCI,60.9,4,60.93,1
357,2025-07-29T14:37:34.269949,SMCI,60.9,4,60.93,2
358,2025-07-29T14:37:34.359716,SMCI,60.9,3,60.93,2
359,2025-07-29T14:37:34.361971,SMCI,60.9,4,60.93,2
360,2025-07-29T14:37:34.698129,SMCI,60.9,3,60.93,2
361,2025-07-29T14:37:34.701418,SMCI,60.9,3,60.93,3
362,2025-07-29T14:37:34.728696,SMCI,60.9,3,60.93,2
363,2025-07-29T14:37:34.773186,SMCI,60.9,4,60.93,2
364,2025-07-29T14:37:34.798139,SMCI,60.9,3,60.93,2
365,2025-07-29T14:37:34.877410,SMCI,60.9,3,60.93,3
366,2025-07-29T14:37:34.955349,SMCI,60.9,3,60.94,3
367,2025-07-29T14:37:34.958445,SMCI,60.9,3,60.94,2
368,2025-07-29T14:37:34.960188,SMCI,60.9,4,60.94,2
369,2025-07-29T14:37:34.962709,SMCI,60.9,4,60.94,1
370,2025-07-29T14:37:34.965675,SMCI,60.9,4,60.94,2
371,2025-07-29T14:37:34.967927,SMCI,60.9,4,60.94,1
372,2025-07-29T14:37:34.970267,SMCI,60.9,4,60.97,1
373,2025-07-29T14:37:34.972139,SMCI,60.9,4,60.94,1
374,2025-07-29T14:37:34.973468,SMCI,60.9,4,60.97,1
375,2025-07-29T14:37:34.974054,SMCI,60.9,4,60.94,1
376,2025-07-29T14:37:34.974859,SMCI,60.9,4,60.97,1
377,2025-07-29T14:37:35.006384,SMCI,60.9,4,60.93,1
378,2025-07-29T14:37:35.008404,SMCI,60.9,4,60.93,2
379,2025-07-29T14:37:35.020073,SMCI,60.9,3,60.93,2
380,2025-07-29T14:37:35.028000,SMCI,60.9,4,60.93,2
381,2025-07-29T14:37:35.046679,SMCI,60.9,4,60.93,1
382,2025-07-29T14:37:35.175811,SMCI,60.9,3,60.93,1
383,2025-07-29T14:37:35.246403,SMCI,60.9,3,60.97,1
384,2025-07-29T14:37:35.250763,SMCI,60.9,4,60.97,1
385,2025-07-29T14:37:35.252741,SMCI,60.9,4,60.93,1
386,2025-07-29T14:37:35.254765,SMCI,60.9,4,60.97,1
387,2025-07-29T14:37:35.257712,SMCI,60.9,4,60.93,1
388,2025-07-29T14:37:35.260081,SMCI,60.9,4,60.97,1
389,2025-07-29T14:37:35.305975,SMCI,60.9,3,60.97,1
390,2025-07-29T14:37:35.439302,SMCI,60.9,3,60.93,1
391,2025-07-29T14:37:35.443014,SMCI,60.9,3,60.93,2
392,2025-07-29T14:37:35.445284,SMCI,60.9,3,60.93,3
393,2025-07-29T14:37:35.502448,SMCI,60.9,3,60.93,2
394,2025-07-29T14:37:35.505960,SMCI,60.9,3,60.93,1
395,2025-07-29T14:37:35.507573,SMCI,60.9,3,60.97,1
396,2025-07-29T14:37:35.510511,SMCI,60.9,4,60.97,1
397,2025-07-29T14:37:35.619781,SMCI,60.9,3,60.97,1
398,2025-07-29T14:37:35.622744,SMCI,60.9,4,60.97,1
399,2025-07-29T14:37:35.698047,SMCI,60.9,3,60.97,1
400,2025-07-29T14:37:35.769233,SMCI,60.9,2,60.97,1
401,2025-07-29T14:37:35.771421,SMCI,60.9,1,60.97,1
402,2025-07-29T14:37:35.773180,SMCI,60.9,2,60.97,1
403,2025-07-29T14:37:35.776522,SMCI,60.9,1,60.97,1
404,2025-07-29T14:37:35.779780,SMCI,60.91,1,60.97,1
405,2025-07-29T14:37:35.782895,SMCI,60.91,2,60.97,1
406,2025-07-29T14:37:35.846421,SMCI,60.91,2,60.93,1
407,2025-07-29T14:37:35.848967,SMCI,60.91,2,60.93,2
408,2025-07-29T14:37:35.938500,SMCI,60.91,1,60.93,2
409,2025-07-29T14:37:35.940943,SMCI,60.89,1,60.93,2
410,2025-07-29T14:37:36.015478,SMCI,60.89,1,60.93,3
411,2025-07-29T14:37:36.537073,SMCI,60.89,1,60.93,2
412,2025-07-29T14:37:36.564667,SMCI,60.91,1,60.93,2
413,2025-07-29T14:37:36.566959,SMCI,60.91,2,60.93,2
414,2025-07-29T14:37:36.592944,SMCI,60.91,1,60.93,2
415,2025-07-29T14:37:36.595171,SMCI,60.89,1,60.93,2
416,2025-07-29T14:37:36.604427,SMCI,60.9,1,60.93,2
417,2025-07-29T14:37:36.607008,SMCI,60.9,2,60.93,2
418,2025-07-29T14:37:36.609917,SMCI,60.9,1,60.93,2
419,2025-07-29T14:37:36.611844,SMCI,60.9,2,60.93,2
420,2025-07-29T14:37:36.613133,SMCI,60.9,1,60.93,2
421,2025-07-29T14:37:36.614525,SMCI,60.89,1,60.93,2
422,2025-07-29T14:37:36.617135,SMCI,60.9,1,60.93,2
423,2025-07-29T14:37:36.619596,SMCI,60.89,1,60.93,2
424,2025-07-29T14:37:36.620298,SMCI,60.9,1,60.93,2
425,2025-07-29T14:37:36.620983,SMCI,60.89,1,60.93,2
426,2025-07-29T14:37:36.621659,SMCI,60.91,1,60.93,2
427,2025-07-29T14:37:36.622333,SMCI,60.91,2,60.93,2
428,2025-07-29T14:37:36.864426,SMCI,60.91,2,60.93,3
429,2025-07-29T14:37:36.867116,SMCI,60.91,1,60.93,3
430,2025-07-29T14:37:37.027447,SMCI,60.91,1,60.94,3
431,2025-07-29T14:37:37.030370,SMCI,60.91,1,60.94,2
432,2025-07-29T14:37:37.032180,SMCI,60.91,1,60.94,1
433,2025-07-29T14:37:37.034700,SMCI,60.91,1,60.97,1
434,2025-07-29T14:37:37.037351,SMCI,60.91,2,60.97,1
435,2025-07-29T14:37:37.039247,SMCI,60.91,1,60.97,1
436,2025-07-29T14:37:37.042468,SMCI,60.91,2,60.97,1
437,2025-07-29T14:37:37.044191,SMCI,60.91,1,60.97,1
438,2025-07-29T14:37:37.044976,SMCI,60.89,1,60.97,1
439,2025-07-29T14:37:37.045654,SMCI,60.91,1,60.97,1
440,2025-07-29T14:37:37.046432,SMCI,60.91,2,60.97,1
441,2025-07-29T14:37:37.047212,SMCI,60.91,1,60.97,1
442,2025-07-29T14:37:37.047811,SMCI,60.91,1,60.94,1
443,2025-07-29T14:37:37.048946,SMCI,60.91,1,60.94,2
444,2025-07-29T14:37:37.049636,SMCI,60.91,1,60.94,1
445,2025-07-29T14:37:37.050376,SMCI,60.91,1,60.97,1
446,2025-07-29T14:37:37.051506,SMCI,60.91,2,60.97,1
447,2025-07-29T14:37:37.052104,SMCI,60.9,2,60.97,1
448,2025-07-29T14:37:37.052686,SMCI,60.9,1,60.97,1
449,2025-07-29T14:37:37.053232,SMCI,60.9,2,60.97,1
450,2025-07-29T14:37:37.054149,SMCI,60.9,1,60.97,1
451,2025-07-29T14:37:37.054809,SMCI,60.9,2,60.97,1
452,2025-07-29T14:37:37.055382,SMCI,60.9,1,60.97,1
453,2025-07-29T14:37:37.055896,SMCI,60.9,2,60.97,1
454,2025-07-29T14:37:37.056475,SMCI,60.9,1,60.97,1
455,2025-07-29T14:37:37.057228,SMCI,60.9,2,60.97,1
456,2025-07-29T14:37:37.057858,SMCI,60.9,1,60.97,1
457,2025-07-29T14:37:37.058388,SMCI,60.91,1,60.97,1
458,2025-07-29T14:37:37.058978,SMCI,60.91,2,60.97,1
459,2025-07-29T14:37:37.786715,SMCI,60.9,2,60.97,1
460,2025-07-29T14:37:37.789506,SMCI,60.9,2,60.93,1
461,2025-07-29T14:37:37.792028,SMCI,60.9,1,60.93,1
462,2025-07-29T14:37:37.794636,SMCI,60.9,2,60.93,1
463,2025-07-29T14:37:37.797065,SMCI,60.9,2,60.93,2
464,2025-07-29T14:37:37.799243,SMCI,60.9,1,60.93,2
465,2025-07-29T14:37:37.801477,SMCI,60.9,2,60.93,2
466,2025-07-29T14:37:37.803406,SMCI,60.9,1,60.93,2
467,2025-07-29T14:37:37.804616,SMCI,60.9,2,60.93,2
468,2025-07-29T14:37:37.805364,SMCI,60.9,1,60.93,2
469,2025-07-29T14:37:37.806022,SMCI,60.9,2,60.93,2
470,2025-07-29T14:37:37.806657,SMCI,60.9,1,60.93,2
471,2025-07-29T14:37:37.807516,SMCI,60.91,1,60.93,2
472,2025-07-29T14:37:37.808260,SMCI,60.91,2,60.93,2
473,2025-07-29T14:37:37.809133,SMCI,60.91,2,60.93,1
474,2025-07-29T14:37:37.809873,SMCI,60.91,2,60.97,1
475,2025-07-29T14:37:37.819538,SMCI,60.91,3,60.97,1
476,2025-07-29T14:37:37.976000,SMCI,60.9,3,60.97,1
477,2025-07-29T14:37:37.978044,SMCI,60.9,3,60.93,1
478,2025-07-29T14:37:37.979476,SMCI,60.9,2,60.93,1
479,2025-07-29T14:37:37.980824,SMCI,60.9,1,60.93,1
480,2025-07-29T14:37:37.982699,SMCI,60.89,1,60.93,1
481,2025-07-29T14:37:37.986024,SMCI,60.89,1,60.93,2
482,2025-07-29T14:37:38.069338,SMCI,60.88,1,60.93,2
483,2025-07-29T14:37:38.629921,SMCI,60.88,1,60.93,3
484,2025-07-29T14:37:38.675616,SMCI,60.88,1,60.94,3
485,2025-07-29T14:37:38.678546,SMCI,60.88,1,60.94,2
486,2025-07-29T14:37:38.680355,SMCI,60.88,1,60.94,3
487,2025-07-29T14:37:38.682733,SMCI,60.88,1,60.94,2
488,2025-07-29T14:37:38.690812,SMCI,60.88,1,60.94,1
489,2025-07-29T14:37:38.692946,SMCI,60.88,1,60.97,1
490,2025-07-29T14:37:39.114969,SMCI,60.91,1,60.97,1
491,2025-07-29T14:37:39.118322,SMCI,60.91,2,60.97,1
492,2025-07-29T14:37:39.120318,SMCI,60.91,3,60.97,1
493,2025-07-29T14:37:39.251546,SMCI,60.9,3,60.97,1
494,2025-07-29T14:37:39.254279,SMCI,60.9,2,60.97,1
495,2025-07-29T14:37:39.255924,SMCI,60.9,1,60.97,1
496,2025-07-29T14:37:39.257190,SMCI,60.9,1,60.93,1
497,2025-07-29T14:37:39.261839,SMCI,60.88,1,60.93,1
498,2025-07-29T14:37:39.263693,SMCI,60.88,1,60.93,2
499,2025-07-29T14:37:39.280185,SMCI,60.91,1,60.93,2
500,2025-07-29T14:37:39.282451,SMCI,60.91,1,60.94,2
501,2025-07-29T14:37:39.283653,SMCI,60.88,1,60.94,2
502,2025-07-29T14:37:39.284875,SMCI,60.91,1,60.94,2
503,2025-07-29T14:37:39.285920,SMCI,60.91,2,60.94,2
504,2025-07-29T14:37:39.286921,SMCI,60.91,1,60.94,2
505,2025-07-29T14:37:39.287494,SMCI,60.91,1,60.94,1
506,2025-07-29T14:37:39.288043,SMCI,60.91,1,60.97,1
507,2025-07-29T14:37:39.313715,SMCI,60.88,1,60.97,1
508,2025-07-29T14:37:39.315872,SMCI,60.88,1,60.93,1
509,2025-07-29T14:37:39.316685,SMCI,60.88,1,60.93,2
510,2025-07-29T14:37:39.387806,SMCI,60.88,1,60.94,2
511,2025-07-29T14:37:39.390549,SMCI,60.88,1,60.94,3
512,2025-07-29T14:37:39.392609,SMCI,60.88,1,60.94,2
513,2025-07-29T14:37:39.396104,SMCI,60.88,1,60.94,1
514,2025-07-29T14:37:39.398226,SMCI,60.88,1,60.97,1
515,2025-07-29T14:37:39.431107,SMCI,60.91,1,60.97,1
516,2025-07-29T14:37:39.433252,SMCI,60.91,2,60.97,1
517,2025-07-29T14:37:39.608024,SMCI,60.91,2,60.93,1
518,2025-07-29T14:37:39.610445,SMCI,60.91,1,60.93,1
519,2025-07-29T14:37:39.612097,SMCI,60.91,2,60.93,1
520,2025-07-29T14:37:39.613389,SMCI,60.91,1,60.93,1
521,2025-07-29T14:37:39.615802,SMCI,60.91,1,60.93,2
522,2025-07-29T14:37:39.627419,SMCI,60.88,1,60.93,2
523,2025-07-29T14:37:39.660706,SMCI,60.88,1,60.93,1
524,2025-07-29T14:37:39.662715,SMCI,60.88,1,60.97,1
525,2025-07-30T14:10:22.094502,SMCI,61.68,3,61.71,2
526,2025-07-30T14:10:22.097694,SMCI,61.68,2,61.71,2
527,2025-07-30T14:10:22.098906,SMCI,61.68,1,61.71,2
528,2025-07-30T14:10:22.100384,SMCI,61.68,2,61.71,2
529,2025-07-30T14:10:22.102153,SMCI,61.68,1,61.71,2
530,2025-07-30T14:10:22.118615,SMCI,61.68,2,61.71,2
531,2025-07-30T14:10:22.120125,SMCI,61.67,3,61.71,2
532,2025-07-30T14:10:22.121023,SMCI,61.67,2,61.71,2
533,2025-07-30T14:10:22.121637,SMCI,61.67,3,61.71,2
534,2025-07-30T14:10:22.123458,SMCI,61.67,2,61.71,2
535,2025-07-30T14:10:22.124113,SMCI,61.67,3,61.71,2
536,2025-07-30T14:10:22.124753,SMCI,61.67,3,61.71,3
537,2025-07-30T14:10:22.125313,SMCI,61.67,2,61.71,3
538,2025-07-30T14:10:22.125815,SMCI,61.67,1,61.71,3
539,2025-07-30T14:10:22.126266,SMCI,61.67,2,61.71,3
540,2025-07-30T14:10:22.126770,SMCI,61.67,1,61.71,3
541,2025-07-30T14:10:22.127219,SMCI,61.67,2,61.71,3
542,2025-07-30T14:10:22.165622,SMCI,61.67,2,61.71,2
543,2025-07-30T14:10:22.239937,SMCI,61.67,2,61.71,3
544,2025-07-30T14:10:22.304356,SMCI,61.67,2,61.71,2
545,2025-07-30T14:10:22.306842,SMCI,61.67,3,61.71,2
546,2025-07-30T14:10:22.309475,SMCI,61.67,4,61.71,2
547,2025-07-30T14:10:22.311734,SMCI,61.67,3,61.71,2
548,2025-07-30T14:10:22.315454,SMCI,61.67,4,61.71,2
549,2025-07-30T14:10:22.317632,SMCI,61.67,4,61.71,3
550,2025-07-30T14:10:22.318500,SMCI,61.67,3,61.71,3
551,2025-07-30T14:10:22.319331,SMCI,61.67,4,61.71,3
552,2025-07-30T14:10:22.320070,SMCI,61.67,4,61.71,2
553,2025-07-30T14:10:22.320706,SMCI,61.67,5,61.71,2
554,2025-07-30T14:10:22.321284,SMCI,61.67,5,61.71,1
555,2025-07-30T14:10:22.321821,SMCI,61.67,5,61.71,2
556,2025-07-30T14:10:22.322357,SMCI,61.67,5,61.71,1
557,2025-07-30T14:10:22.323597,SMCI,61.67,5,61.71,2
558,2025-07-30T14:10:22.324277,SMCI,61.67,5,61.71,1
559,2025-07-30T14:10:22.324812,SMCI,61.67,5,61.71,2
560,2025-07-30T14:10:22.325341,SMCI,61.67,5,61.71,3
561,2025-07-30T14:10:22.325859,SMCI,61.67,5,61.71,2
562,2025-07-30T14:10:22.326374,SMCI,61.67,5,61.71,1
563,2025-07-30T14:10:22.326886,SMCI,61.67,5,61.71,2
564,2025-07-30T14:10:22.327358,SMCI,61.67,5,61.71,1
565,2025-07-30T14:10:22.327976,SMCI,61.67,5,61.71,2
566,2025-07-30T14:10:22.328483,SMCI,61.67,5,61.71,1
567,2025-07-30T14:10:22.329010,SMCI,61.67,5,61.74,2
568,2025-07-30T14:10:22.329439,SMCI,61.67,5,61.71,1
569,2025-07-30T14:10:22.329940,SMCI,61.67,5,61.71,1
570,2025-07-30T14:10:22.330714,SMCI,61.67,5,61.74,2
571,2025-07-30T14:10:22.331383,SMCI,61.67,5,61.71,1
572,2025-07-30T14:10:22.332250,SMCI,61.67,6,61.71,1
573,2025-07-30T14:10:22.332704,SMCI,61.67,5,61.71,1
574,2025-07-30T14:10:22.333128,SMCI,61.67,6,61.71,1
575,2025-07-30T14:10:22.333640,SMCI,61.67,7,61.71,1
576,2025-07-30T14:10:22.334091,SMCI,61.67,6,61.71,1
577,2025-07-30T14:10:22.334536,SMCI,61.67,7,61.71,1
578,2025-07-30T14:10:22.334981,SMCI,61.68,1,61.71,1
579,2025-07-30T14:10:22.335390,SMCI,61.68,2,61.71,1
580,2025-07-30T14:10:22.335785,SMCI,61.68,3,61.71,1
581,2025-07-30T14:10:22.336165,SMCI,61.68,3,61.71,1
582,2025-07-30T14:10:22.336741,SMCI,61.68,3,61.72,1
583,2025-07-30T14:10:22.337132,SMCI,61.68,3,61.74,1
584,2025-07-30T14:10:22.337515,SMCI,61.68,3,61.72,1
585,2025-07-30T14:10:22.337902,SMCI,61.68,3,61.74,1
586,2025-07-30T14:10:22.338283,SMCI,61.68,3,61.72,1
587,2025-07-30T14:10:22.339220,SMCI,61.68,3,61.74,1
588,2025-07-30T14:10:22.339624,SMCI,61.68,3,61.72,1
589,2025-07-30T14:10:22.340022,SMCI,61.68,3,61.74,1
590,2025-07-30T14:10:22.340380,SMCI,61.68,3,61.72,1
591,2025-07-30T14:10:22.340725,SMCI,61.68,3,61.74,1
592,2025-07-30T14:10:22.341067,SMCI,61.68,3,61.71,1
593,2025-07-30T14:10:22.341417,SMCI,61.68,3,61.71,2
594,2025-07-30T14:10:22.341810,SMCI,61.68,4,61.71,2
595,2025-07-30T14:10:22.374325,SMCI,61.67,5,61.71,2
596,2025-07-30T14:10:22.374869,SMCI,61.67,4,61.71,2
597,2025-07-30T14:10:22.375311,SMCI,61.67,3,61.71,2
598,2025-07-30T14:10:22.375739,SMCI,61.67,3,61.71,1
599,2025-07-30T14:10:22.376163,SMCI,61.67,2,61.71,1
600,2025-07-30T14:10:22.376536,SMCI,61.67,1,61.71,1
601,2025-07-30T14:10:22.376904,SMCI,61.67,2,61.71,1
602,2025-07-30T14:10:22.377281,SMCI,61.67,2,61.74,1
603,2025-07-30T14:10:22.378569,SMCI,61.67,1,61.74,1
604,2025-07-30T14:10:22.379088,SMCI,61.67,2,61.74,1
605,2025-07-30T14:10:22.379477,SMCI,61.67,1,61.74,1
606,2025-07-30T14:10:22.379850,SMCI,61.67,2,61.74,1
607,2025-07-30T14:10:22.380435,SMCI,61.67,1,61.74,1
608,2025-07-30T14:10:22.380834,SMCI,61.67,2,61.74,1
609,2025-07-30T14:10:22.381213,SMCI,61.67,1,61.74,1
610,2025-07-30T14:10:22.381588,SMCI,61.68,1,61.74,1
611,2025-07-30T14:10:22.381997,SMCI,61.68,2,61.74,1
612,2025-07-30T14:10:22.382395,SMCI,61.68,2,61.71,1
613,2025-07-30T14:10:22.383055,SMCI,61.68,1,61.71,1
614,2025-07-30T14:10:22.552272,SMCI,61.67,2,61.71,1
615,2025-07-30T14:10:22.556844,SMCI,61.67,1,61.71,1
616,2025-07-30T14:10:22.559792,SMCI,61.67,1,61.69,1
617,2025-07-30T14:10:22.561980,SMCI,61.65,1,61.69,1
618,2025-07-30T14:10:22.563326,SMCI,61.67,1,61.69,1
619,2025-07-30T14:10:22.564911,SMCI,61.67,1,61.69,2
620,2025-07-30T14:10:22.566807,SMCI,61.66,1,61.69,2
621,2025-07-30T14:10:22.568418,SMCI,61.66,1,61.69,3
622,2025-07-30T14:10:22.571357,SMCI,61.65,1,61.69,3
623,2025-07-30T14:10:22.572200,SMCI,61.65,1,61.69,2
624,2025-07-30T14:10:22.572959,SMCI,61.65,1,61.68,1
625,2025-07-30T14:10:22.573554,SMCI,61.65,2,61.68,1
626,2025-07-30T14:10:22.574045,SMCI,61.65,3,61.68,1
627,2025-07-30T14:10:22.574595,SMCI,61.65,2,61.68,1
628,2025-07-30T14:10:22.575145,SMCI,61.65,3,61.68,1
629,2025-07-30T14:10:22.575658,SMCI,61.65,3,61.69,2
630,2025-07-30T14:10:22.576200,SMCI,61.65,2,61.69,2
631,2025-07-30T14:10:22.576705,SMCI,61.65,2,61.68,1
632,2025-07-30T14:10:22.578667,SMCI,61.65,1,61.68,1
633,2025-07-30T14:10:22.579347,SMCI,61.65,2,61.68,1
634,2025-07-30T14:10:22.580130,SMCI,61.65,1,61.68,1
635,2025-07-30T14:10:22.580572,SMCI,61.65,2,61.68,1
636,2025-07-30T14:10:22.581014,SMCI,61.65,1,61.68,1
637,2025-07-30T14:10:22.581449,SMCI,61.65,2,61.68,1
638,2025-07-30T14:10:22.581876,SMCI,61.65,1,61.68,1
639,2025-07-30T14:10:22.582339,SMCI,61.65,2,61.68,1
640,2025-07-30T14:10:22.582799,SMCI,61.65,1,61.68,1
641,2025-07-30T14:10:22.583428,SMCI,61.65,2,61.68,1
642,2025-07-30T14:10:22.584586,SMCI,61.65,1,61.68,1
643,2025-07-30T14:10:22.585077,SMCI,61.65,2,61.68,1
644,2025-07-30T14:10:22.585484,SMCI,61.65,2,61.68,2
645,2025-07-30T14:10:22.585896,SMCI,61.65,1,61.68,2
646,2025-07-30T14:10:22.586595,SMCI,61.65,2,61.68,2
647,2025-07-30T14:10:22.586999,SMCI,61.65,1,61.68,2
648,2025-07-30T14:10:22.587416,SMCI,61.66,1,61.68,2
649,2025-07-30T14:10:22.587981,SMCI,61.65,1,61.68,2
650,2025-07-30T14:10:22.588369,SMCI,61.65,2,61.68,2
651,2025-07-30T14:10:22.588773,SMCI,61.65,3,61.68,2
652,2025-07-30T14:10:22.589174,SMCI,61.65,2,61.68,2
653,2025-07-30T14:10:22.590050,SMCI,61.64,3,61.68,2
654,2025-07-30T14:10:22.590583,SMCI,61.64,3,61.68,1
655,2025-07-30T14:10:22.590977,SMCI,61.64,3,61.68,2
656,2025-07-30T14:10:22.591331,SMCI,61.64,3,61.68,1
657,2025-07-30T14:10:22.591669,SMCI,61.64,2,61.68,1
658,2025-07-30T14:10:22.592330,SMCI,61.64,1,61.68,1
659,2025-07-30T14:10:22.592683,SMCI,61.64,2,61.68,1
660,2025-07-30T14:10:22.593054,SMCI,61.64,2,61.69,1
661,2025-07-30T14:10:22.593412,SMCI,61.64,1,61.69,1
662,2025-07-30T14:10:22.593764,SMCI,61.64,2,61.69,1
663,2025-07-30T14:10:22.594132,SMCI,61.64,1,61.69,1
664,2025-07-30T14:10:22.594559,SMCI,61.64,2,61.69,1
665,2025-07-30T14:10:22.595014,SMCI,61.64,1,61.69,1
666,2025-07-30T14:10:22.595376,SMCI,61.64,2,61.69,1
667,2025-07-30T14:10:22.595827,SMCI,61.64,1,61.69,1
668,2025-07-30T14:10:22.596209,SMCI,61.65,1,61.69,1
669,2025-07-30T14:10:22.596597,SMCI,61.65,2,61.69,1
670,2025-07-30T14:10:22.634247,SMCI,61.65,2,61.68,1
671,2025-07-30T14:10:22.634851,SMCI,61.65,2,61.68,2
672,2025-07-30T14:10:22.635367,SMCI,61.65,2,61.68,1
673,2025-07-30T14:10:22.635854,SMCI,61.65,2,61.69,1
674,2025-07-30T14:10:22.636404,SMCI,61.65,2,61.68,1
675,2025-07-30T14:10:22.636817,SMCI,61.65,2,61.68,2
676,2025-07-30T14:10:22.637225,SMCI,61.65,2,61.68,1
677,2025-07-30T14:10:22.637668,SMCI,61.65,2,61.69,1
678,2025-07-30T14:10:22.660713,SMCI,61.65,1,61.69,1
679,2025-07-30T14:10:22.715473,SMCI,61.65,1,61.67,1
680,2025-07-30T14:10:22.716835,SMCI,61.65,1,61.67,2
681,2025-07-30T14:10:22.717779,SMCI,61.65,1,61.67,1
682,2025-07-30T14:10:22.718693,SMCI,61.65,1,61.69,1
683,2025-07-30T14:10:22.719729,SMCI,61.65,1,61.67,1
684,2025-07-30T14:10:22.720616,SMCI,61.65,1,61.67,2
685,2025-07-30T14:10:22.721672,SMCI,61.65,1,61.67,1
686,2025-07-30T14:10:22.758185,SMCI,61.65,1,61.68,1
687,2025-07-30T14:10:22.759968,SMCI,61.65,1,61.69,1
688,2025-07-30T14:10:22.788953,SMCI,61.65,1,61.67,1
689,2025-07-30T14:10:22.789883,SMCI,61.65,1,61.67,2
690,2025-07-30T14:10:22.790582,SMCI,61.65,1,61.67,1
691,2025-07-30T14:10:22.797409,SMCI,61.65,1,61.68,1
692,2025-07-30T14:10:22.798384,SMCI,61.65,1,61.69,1
693,2025-07-30T14:10:22.798936,SMCI,61.65,1,61.68,1
694,2025-07-30T14:10:22.801144,SMCI,61.65,1,61.69,1
695,2025-07-30T14:10:22.801732,SMCI,61.65,1,61.68,1
696,2025-07-30T14:10:22.802311,SMCI,61.65,1,61.69,1
697,2025-07-30T14:10:22.802839,SMCI,61.65,1,61.67,1
698,2025-07-30T14:10:22.803278,SMCI,61.65,1,61.67,2
699,2025-07-30T14:10:22.803713,SMCI,61.65,1,61.67,1
700,2025-07-30T14:10:22.905246,SMCI,61.65,1,61.69,1
701,2025-07-30T14:10:22.951004,SMCI,61.65,1,61.67,1
702,2025-07-30T14:10:22.951534,SMCI,61.65,1,61.67,2
703,2025-07-30T14:10:22.951964,SMCI,61.65,1,61.67,1
704,2025-07-30T14:10:22.952363,SMCI,61.65,1,61.68,1
705,2025-07-30T14:10:22.952849,SMCI,61.65,2,61.68,1
706,2025-07-30T14:10:22.953228,SMCI,61.65,3,61.68,1
707,2025-07-30T14:10:22.953619,SMCI,61.65,3,61.69,1
708,2025-07-30T14:10:23.047339,SMCI,61.65,3,61.67,1
709,2025-07-30T14:10:23.049100,SMCI,61.65,3,61.68,1
710,2025-07-30T14:10:23.050390,SMCI,61.65,3,61.68,2
711,2025-07-30T14:10:23.051526,SMCI,61.65,3,61.68,1
712,2025-07-30T14:10:23.053334,SMCI,61.65,3,61.68,2
713,2025-07-30T14:10:23.054812,SMCI,61.65,3,61.68,1
714,2025-07-30T14:10:23.055502,SMCI,61.65,3,61.69,1
715,2025-07-30T14:10:23.056138,SMCI,61.65,3,61.68,1
716,2025-07-30T14:10:23.056794,SMCI,61.65,3,61.69,1
717,2025-07-30T14:10:23.116021,SMCI,61.65,3,61.67,1
718,2025-07-30T14:10:23.117882,SMCI,61.65,3,61.67,2
719,2025-07-30T14:10:23.119221,SMCI,61.65,3,61.67,1
720,2025-07-30T14:10:23.121725,SMCI,61.65,3,61.69,1
721,2025-07-30T14:10:23.124455,SMCI,61.65,3,61.68,1
722,2025-07-30T14:10:23.131984,SMCI,61.65,2,61.68,1
723,2025-07-30T14:10:23.133725,SMCI,61.65,1,61.68,1
724,2025-07-30T14:10:23.187234,SMCI,61.65,1,61.67,1
725,2025-07-30T14:10:23.189589,SMCI,61.65,1,61.67,2
726,2025-07-30T14:10:23.191029,SMCI,61.65,1,61.67,1
727,2025-07-30T14:10:23.585935,SMCI,61.65,1,61.67,1
728,2025-07-30T14:10:23.647663,SMCI,61.65,1,61.68,1
729,2025-07-30T14:10:23.650354,SMCI,61.65,1,61.69,1
730,2025-07-30T14:10:23.652083,SMCI,61.65,1,61.68,1
731,2025-07-30T14:10:23.653558,SMCI,61.65,1,61.69,1
732,2025-07-30T14:10:23.745691,SMCI,61.65,2,61.69,1
733,2025-07-30T14:10:23.757477,SMCI,61.65,3,61.69,1
734,2025-07-30T14:10:24.043859,SMCI,61.65,3,61.67,1
735,2025-07-30T14:10:24.046062,SMCI,61.65,3,61.67,2
736,2025-07-30T14:10:24.047417,SMCI,61.65,3,61.67,1
737,2025-07-30T14:10:24.162157,SMCI,61.65,2,61.67,1
738,2025-07-30T14:10:24.164698,SMCI,61.65,1,61.67,1
739,2025-07-30T14:10:24.629750,SMCI,61.65,1,61.68,1
740,2025-07-30T14:10:24.633892,SMCI,61.65,2,61.68,1
741,2025-07-30T14:10:24.636922,SMCI,61.65,2,61.69,1
742,2025-07-30T14:10:24.639612,SMCI,61.65,1,61.69,1
743,2025-07-30T14:10:24.763318,SMCI,61.64,2,61.69,1
744,2025-07-30T14:10:24.765768,SMCI,61.64,2,61.67,1
745,2025-07-30T14:10:24.767793,SMCI,61.64,1,61.67,1
746,2025-07-30T14:10:24.770411,SMCI,59.35,4,61.67,1
747,2025-07-30T14:10:24.772106,SMCI,59.35,4,61.66,1
748,2025-07-30T14:10:24.773626,SMCI,59.35,4,61.67,1
749,2025-07-30T14:10:24.776617,SMCI,59.35,4,61.67,2
750,2025-07-30T14:10:24.777839,SMCI,59.35,4,61.67,2
751,2025-07-30T14:10:24.778525,SMCI,59.35,4,61.65,1
752,2025-07-30T14:10:24.780099,SMCI,59.35,4,61.65,2
753,2025-07-30T14:10:24.780706,SMCI,61.62,1,61.65,2
754,2025-07-30T14:10:24.781305,SMCI,61.62,1,61.65,1
755,2025-07-30T14:10:24.781989,SMCI,59.35,4,61.65,1
756,2025-07-30T14:10:24.782636,SMCI,59.35,4,61.66,1
757,2025-07-30T14:10:24.783613,SMCI,59.35,4,61.65,1
758,2025-07-30T14:10:24.784393,SMCI,61.62,1,61.65,1
759,2025-07-30T14:10:24.785241,SMCI,61.62,1,61.66,1
760,2025-07-30T14:10:24.785713,SMCI,59.35,4,61.66,1
761,2025-07-30T14:10:24.786165,SMCI,59.35,4,61.65,1
762,2025-07-30T14:10:24.786623,SMCI,59.35,4,61.65,2
763,2025-07-30T14:10:24.787058,SMCI,61.62,1,61.65,2
764,2025-07-30T14:10:24.787530,SMCI,61.62,1,61.65,1
765,2025-07-30T14:10:24.788119,SMCI,61.62,1,61.65,1
766,2025-07-30T14:10:24.790030,SMCI,61.62,1,61.67,1
767,2025-07-30T14:10:24.790768,SMCI,61.62,2,61.67,1
768,2025-07-30T14:10:24.798375,SMCI,61.62,2,61.67,1
769,2025-07-30T14:10:24.798893,SMCI,61.62,1,61.67,1
770,2025-07-30T14:10:24.805606,SMCI,61.62,1,61.64,1
771,2025-07-30T14:10:24.806104,SMCI,61.62,1,61.67,1
772,2025-07-30T14:10:24.806573,SMCI,61.62,1,61.64,1
773,2025-07-30T14:10:24.806935,SMCI,61.62,1,61.67,1
774,2025-07-30T14:10:24.807634,SMCI,61.62,1,61.65,1
775,2025-07-30T14:10:24.808057,SMCI,61.62,1,61.65,2
776,2025-07-30T14:10:24.808759,SMCI,61.62,1,61.65,1
777,2025-07-30T14:10:24.809120,SMCI,61.62,1,61.65,2
778,2025-07-30T14:10:24.809638,SMCI,61.62,1,61.65,1
779,2025-07-30T14:10:24.810024,SMCI,61.62,1,61.67,1
780,2025-07-30T14:10:24.810334,SMCI,61.62,1,61.65,1
781,2025-07-30T14:10:24.810793,SMCI,61.62,1,61.67,1
782,2025-07-30T14:10:24.811111,SMCI,61.62,1,61.65,1
783,2025-07-30T14:10:24.811495,SMCI,61.62,1,61.67,1
784,2025-07-30T14:10:24.811796,SMCI,61.62,1,61.64,1
785,2025-07-30T14:10:24.812094,SMCI,61.62,1,61.64,2
786,2025-07-30T14:10:24.813874,SMCI,61.62,1,61.65,2
787,2025-07-30T14:10:24.814608,SMCI,61.62,1,61.65,1
788,2025-07-30T14:10:24.814958,SMCI,61.62,1,61.68,1
789,2025-07-30T14:10:24.815581,SMCI,61.62,1,61.65,1
790,2025-07-30T14:10:24.830893,SMCI,61.62,2,61.65,1
791,2025-07-30T14:10:24.867456,SMCI,61.62,1,61.65,1
792,2025-07-30T14:10:24.947402,SMCI,61.62,2,61.65,1
793,2025-07-30T14:10:25.018062,SMCI,61.62,1,61.65,1
794,2025-07-30T14:10:25.021221,SMCI,61.62,2,61.65,1
795,2025-07-30T14:10:25.029275,SMCI,61.62,1,61.65,1
796,2025-07-30T14:10:25.417389,SMCI,61.61,1,61.65,1
797,2025-07-30T14:10:25.419897,SMCI,61.61,1,61.64,1
798,2025-07-30T14:10:25.421909,SMCI,59.35,4,61.64,1
799,2025-07-30T14:10:25.426286,SMCI,59.35,4,61.62,1
800,2025-07-30T14:10:25.430294,SMCI,59.35,4,61.62,2
801,2025-07-30T14:10:25.433001,SMCI,61.59,1,61.62,2
802,2025-07-30T14:10:25.433772,SMCI,59.35,4,61.62,2
803,2025-07-30T14:10:25.434467,SMCI,59.35,4,61.62,3
804,2025-07-30T14:10:25.435112,SMCI,59.35,4,61.62,4
805,2025-07-30T14:10:25.435749,SMCI,59.35,4,61.62,4
806,2025-07-30T14:10:25.436389,SMCI,59.35,4,61.62,3
807,2025-07-30T14:10:25.436926,SMCI,59.35,4,61.62,3
808,2025-07-30T14:10:25.437456,SMCI,59.35,4,61.61,1
809,2025-07-30T14:10:25.438037,SMCI,59.35,4,61.61,2
810,2025-07-30T14:10:25.438638,SMCI,59.35,4,61.61,1
811,2025-07-30T14:10:25.439229,SMCI,59.35,4,61.61,1
812,2025-07-30T14:10:25.439756,SMCI,59.35,4,61.61,1
813,2025-07-30T14:10:25.440246,SMCI,59.35,4,61.62,3
814,2025-07-30T14:10:25.440840,SMCI,59.35,4,61.61,1
815,2025-07-30T14:10:25.441343,SMCI,59.35,4,61.62,3
816,2025-07-30T14:10:25.442807,SMCI,59.35,4,61.61,1
817,2025-07-30T14:10:25.443347,SMCI,61.58,1,61.61,1
818,2025-07-30T14:10:25.443847,SMCI,61.58,1,61.62,3
819,2025-07-30T14:10:25.444284,SMCI,61.58,2,61.62,3
820,2025-07-30T14:10:25.444730,SMCI,61.58,1,61.62,3
821,2025-07-30T14:10:25.445158,SMCI,61.58,2,61.62,3
822,2025-07-30T14:10:25.445593,SMCI,61.58,1,61.62,3
823,2025-07-30T14:10:25.446040,SMCI,61.58,2,61.62,3
824,2025-07-30T14:10:25.446576,SMCI,61.58,1,61.62,3
825,2025-07-30T14:10:25.447062,SMCI,61.58,2,61.62,3
826,2025-07-30T14:10:25.447522,SMCI,61.58,3,61.62,3
827,2025-07-30T14:10:25.448393,SMCI,61.58,2,61.62,3
828,2025-07-30T14:10:25.448986,SMCI,61.58,3,61.62,3
829,2025-07-30T14:10:25.449407,SMCI,61.58,3,61.62,3
830,2025-07-30T14:10:25.449800,SMCI,61.58,2,61.62,3
831,2025-07-30T14:10:25.450183,SMCI,61.59,1,61.62,3
832,2025-07-30T14:10:25.450592,SMCI,61.59,1,61.62,3
833,2025-07-30T14:10:25.450989,SMCI,61.59,1,61.61,1
834,2025-07-30T14:10:25.451384,SMCI,61.58,2,61.61,1
835,2025-07-30T14:10:25.451765,SMCI,61.58,1,61.61,1
836,2025-07-30T14:10:25.452166,SMCI,61.58,1,61.62,3
837,2025-07-30T14:10:25.452686,SMCI,61.58,1,61.61,1
838,2025-07-30T14:10:25.453101,SMCI,61.58,1,61.62,3
839,2025-07-30T14:10:25.453573,SMCI,59.35,4,61.62,3
840,2025-07-30T14:10:25.453970,SMCI,59.35,4,61.61,1
841,2025-07-30T14:10:25.454329,SMCI,59.35,4,61.62,3
842,2025-07-30T14:10:25.454675,SMCI,59.35,4,61.61,1
843,2025-07-30T14:10:25.455017,SMCI,59.35,4,61.61,1
844,2025-07-30T14:10:25.455359,SMCI,59.35,4,61.61,2
845,2025-07-30T14:10:25.455950,SMCI,59.35,4,61.61,1
846,2025-07-30T14:10:25.456304,SMCI,59.35,4,61.61,2
847,2025-07-30T14:10:25.456665,SMCI,59.35,4,61.61,3
848,2025-07-30T14:10:25.457047,SMCI,59.35,4,61.61,2
849,2025-07-30T14:10:25.458637,SMCI,59.35,4,61.61,3
850,2025-07-30T14:10:25.459028,SMCI,59.35,4,61.6,1
851,2025-07-30T14:10:25.459377,SMCI,59.35,4,61.6,2
852,2025-07-30T14:10:25.459728,SMCI,59.35,4,61.6,1
853,2025-07-30T14:10:25.460085,SMCI,59.35,4,61.59,1
854,2025-07-30T14:10:25.460790,SMCI,59.35,4,61.6,1
855,2025-07-30T14:10:25.461115,SMCI,59.35,4,61.58,1
856,2025-07-30T14:10:25.461435,SMCI,59.35,4,61.59,1
857,2025-07-30T14:10:25.461795,SMCI,59.35,4,61.59,1
858,2025-07-30T14:10:25.462137,SMCI,61.57,1,61.59,1
859,2025-07-30T14:10:25.462473,SMCI,61.57,1,61.61,2
860,2025-07-30T14:10:25.462827,SMCI,61.57,2,61.61,2
861,2025-07-30T14:10:25.463215,SMCI,61.57,3,61.61,2
862,2025-07-30T14:10:25.463632,SMCI,61.57,2,61.61,2
863,2025-07-30T14:10:25.464084,SMCI,61.57,3,61.61,2
864,2025-07-30T14:10:25.464479,SMCI,61.57,3,61.61,2
865,2025-07-30T14:10:25.464876,SMCI,61.57,3,61.61,1
866,2025-07-30T14:10:25.465259,SMCI,61.57,2,61.61,1
867,2025-07-30T14:10:25.465587,SMCI,61.57,3,61.61,1
868,2025-07-30T14:10:25.465903,SMCI,61.57,2,61.61,1
869,2025-07-30T14:10:25.466232,SMCI,61.57,3,61.61,1
870,2025-07-30T14:10:25.467165,SMCI,61.57,2,61.61,1
871,2025-07-30T14:10:25.467526,SMCI,61.57,3,61.61,1
872,2025-07-30T14:10:25.467844,SMCI,61.57,2,61.61,1
873,2025-07-30T14:10:25.468177,SMCI,61.58,1,61.61,1
874,2025-07-30T14:10:25.468559,SMCI,61.58,1,61.62,2
875,2025-07-30T14:10:25.469321,SMCI,61.58,2,61.62,2
876,2025-07-30T14:10:25.480075,SMCI,61.57,4,61.62,2
877,2025-07-30T14:10:25.480480,SMCI,61.57,3,61.62,2
878,2025-07-30T14:10:25.480809,SMCI,61.57,2,61.62,2
879,2025-07-30T14:10:25.481177,SMCI,61.57,3,61.62,2
880,2025-07-30T14:10:25.481501,SMCI,61.57,2,61.62,2
881,2025-07-30T14:10:25.481820,SMCI,61.57,3,61.62,2
882,2025-07-30T14:10:25.498734,SMCI,61.57,2,61.62,2
883,2025-07-30T14:10:25.499235,SMCI,61.57,3,61.62,2
884,2025-07-30T14:10:25.499653,SMCI,61.57,2,61.62,2
885,2025-07-30T14:10:25.500059,SMCI,61.58,1,61.62,2
886,2025-07-30T14:10:25.574348,SMCI,61.58,1,61.59,1
887,2025-07-30T14:10:25.575150,SMCI,61.57,1,61.59,1
888,2025-07-30T14:10:25.577344,SMCI,61.57,1,61.62,2
889,2025-07-30T14:10:25.577861,SMCI,61.58,1,61.62,2
890,2025-07-30T14:10:25.587086,SMCI,61.57,2,61.62,2
891,2025-07-30T14:10:25.587638,SMCI,61.57,1,61.62,2
892,2025-07-30T14:10:25.588093,SMCI,61.57,1,61.59,1
893,2025-07-30T14:10:25.588548,SMCI,61.57,1,61.59,2
894,2025-07-30T14:10:25.588981,SMCI,59.35,4,61.59,2
895,2025-07-30T14:10:25.589371,SMCI,59.35,4,61.59,3
896,2025-07-30T14:10:25.589744,SMCI,59.35,4,61.58,1
897,2025-07-30T14:10:25.590132,SMCI,59.35,4,61.58,2
898,2025-07-30T14:10:25.601395,SMCI,59.35,4,61.58,1
899,2025-07-30T14:10:25.697297,SMCI,59.35,4,61.59,2
900,2025-07-30T14:10:25.699780,SMCI,61.57,1,61.59,2
901,2025-07-30T14:10:25.701191,SMCI,59.35,4,61.59,2
902,2025-07-30T14:10:25.702076,SMCI,59.35,4,61.58,1
903,2025-07-30T14:10:25.766737,SMCI,59.35,4,61.59,2
904,2025-07-30T14:10:25.769190,SMCI,61.57,1,61.59,2
905,2025-07-30T14:10:25.803794,SMCI,61.57,1,61.59,1
906,2025-07-30T14:10:25.814546,SMCI,61.57,1,61.62,2
907,2025-07-30T14:10:26.002365,SMCI,59.35,4,61.62,2
908,2025-07-30T14:10:26.005477,SMCI,59.35,4,61.58,1
909,2025-07-30T14:10:26.125909,SMCI,59.35,4,61.62,2
910,2025-07-30T14:10:26.127749,SMCI,61.57,1,61.62,2
911,2025-07-30T14:10:26.140790,SMCI,61.57,1,61.59,1
912,2025-07-30T14:10:26.177985,SMCI,59.35,4,61.59,1
913,2025-07-30T14:10:26.180088,SMCI,59.35,4,61.58,1
914,2025-07-30T14:10:26.279522,SMCI,59.35,4,61.59,1
915,2025-07-30T14:10:26.282364,SMCI,61.57,1,61.59,1
916,2025-07-30T14:10:26.283845,SMCI,61.57,1,61.62,1
917,2025-07-30T14:10:26.474565,SMCI,59.35,4,61.62,1
918,2025-07-30T14:10:26.476592,SMCI,59.35,4,61.58,1
919,2025-07-30T14:10:26.520338,SMCI,59.35,4,61.62,1
920,2025-07-30T14:10:26.522680,SMCI,61.56,1,61.62,1
921,2025-07-30T14:10:26.524278,SMCI,61.56,1,61.58,1
922,2025-07-30T14:10:26.525611,SMCI,59.35,4,61.58,1
923,2025-07-30T14:10:26.527719,SMCI,59.35,4,61.58,2
924,2025-07-30T14:10:26.530611,SMCI,59.35,4,61.58,1
925,2025-07-30T14:10:26.533314,SMCI,59.35,4,61.57,1
926,2025-07-30T14:10:26.535228,SMCI,59.35,4,61.58,1
927,2025-07-30T14:10:26.535898,SMCI,59.35,4,61.57,1
928,2025-07-30T14:10:26.536978,SMCI,59.35,4,61.62,1
929,2025-07-30T14:10:26.538064,SMCI,59.35,4,61.57,1
930,2025-07-30T14:10:26.567690,SMCI,59.35,4,61.62,1
931,2025-07-30T14:10:26.569722,SMCI,61.56,1,61.62,1
932,2025-07-30T14:10:26.609617,SMCI,59.35,4,61.62,1
933,2025-07-30T14:10:26.611471,SMCI,59.35,4,61.57,1
934,2025-07-30T14:10:26.612606,SMCI,59.35,4,61.62,1
935,2025-07-30T14:10:26.613551,SMCI,61.56,1,61.62,1
936,2025-07-30T14:10:27.034019,SMCI,61.56,2,61.62,1
937,2025-07-30T14:10:27.038751,SMCI,61.56,1,61.62,1
938,2025-07-30T14:10:27.040925,SMCI,61.56,2,61.62,1
939,2025-07-30T14:10:27.042133,SMCI,61.56,1,61.62,1
940,2025-07-30T14:10:27.042829,SMCI,61.56,2,61.62,1
941,2025-07-30T14:10:27.043410,SMCI,61.56,1,61.62,1
942,2025-07-30T14:10:27.043980,SMCI,61.56,1,61.59,1
943,2025-07-30T14:10:27.044501,SMCI,59.35,4,61.59,1
944,2025-07-30T14:10:27.045365,SMCI,61.56,1,61.59,1
945,2025-07-30T14:10:27.045871,SMCI,61.56,2,61.59,1
946,2025-07-30T14:10:27.046576,SMCI,61.56,2,61.59,2
947,2025-07-30T14:10:27.047176,SMCI,61.56,2,61.59,1
948,2025-07-30T14:10:27.047701,SMCI,61.56,2,61.58,1
949,2025-07-30T14:10:27.048211,SMCI,61.56,1,61.58,1
950,2025-07-30T14:10:27.048712,SMCI,61.56,1,61.59,1
951,2025-07-30T14:10:27.049207,SMCI,61.56,1,61.58,1
952,2025-07-30T14:10:27.049670,SMCI,61.56,1,61.58,2
953,2025-07-30T14:10:27.050122,SMCI,61.56,1,61.58,1
954,2025-07-30T14:10:27.050587,SMCI,61.56,1,61.62,1
955,2025-07-30T14:10:27.051037,SMCI,61.56,1,61.58,1
956,2025-07-30T14:10:27.051475,SMCI,61.56,1,61.62,1
957,2025-07-30T14:10:27.051937,SMCI,61.56,1,61.58,1
958,2025-07-30T14:10:27.052428,SMCI,61.56,1,61.58,2
959,2025-07-30T14:10:27.052876,SMCI,61.56,1,61.58,1
960,2025-07-30T14:10:27.053399,SMCI,61.56,2,61.58,1
961,2025-07-30T14:10:27.303852,SMCI,61.56,1,61.58,1
962,2025-07-30T14:10:27.476524,SMCI,61.56,1,61.59,1
963,2025-07-30T14:10:27.479241,SMCI,61.56,2,61.59,1
964,2025-07-30T14:10:27.479965,SMCI,61.56,2,61.6,1
965,2025-07-30T14:10:27.480597,SMCI,61.56,3,61.6,1
966,2025-07-30T14:10:27.483010,SMCI,61.56,2,61.6,1
967,2025-07-30T14:10:27.483727,SMCI,61.56,2,61.62,1
968,2025-07-30T14:10:27.484249,SMCI,61.56,3,61.62,1
969,2025-07-30T14:10:27.484764,SMCI,61.56,3,61.6,1
970,2025-07-30T14:10:27.485273,SMCI,61.56,4,61.6,1
971,2025-07-30T14:10:27.485831,SMCI,61.56,4,61.62,1
972,2025-07-30T14:10:27.486426,SMCI,61.56,4,61.6,1
973,2025-07-30T14:10:27.486968,SMCI,61.56,3,61.6,1
974,2025-07-30T14:10:27.487413,SMCI,61.56,2,61.6,1
975,2025-07-30T14:10:27.487873,SMCI,61.56,3,61.6,1
976,2025-07-30T14:10:27.488403,SMCI,61.56,3,61.6,1
977,2025-07-30T14:10:27.488868,SMCI,61.56,4,61.6,1
978,2025-07-30T14:10:27.489304,SMCI,61.57,1,61.6,1
979,2025-07-30T14:10:27.489727,SMCI,61.57,1,61.6,2
980,2025-07-30T14:10:27.490147,SMCI,61.57,1,61.6,1
981,2025-07-30T14:10:27.490569,SMCI,61.57,1,61.6,2
982,2025-07-30T14:10:27.490986,SMCI,61.57,2,61.6,2
983,2025-07-30T14:10:27.491404,SMCI,61.57,2,61.6,1
984,2025-07-30T14:10:27.492207,SMCI,61.57,2,61.61,1
985,2025-07-30T14:10:27.492642,SMCI,61.57,3,61.61,1
986,2025-07-30T14:10:27.493113,SMCI,61.57,3,61.62,1
987,2025-07-30T14:10:27.493580,SMCI,61.57,4,61.62,1
988,2025-07-30T14:10:27.494023,SMCI,61.57,3,61.62,1
989,2025-07-30T14:10:27.494520,SMCI,61.57,4,61.62,1
990,2025-07-30T14:10:27.494955,SMCI,61.57,5,61.62,1
991,2025-07-30T14:10:27.495418,SMCI,61.57,5,61.61,1
992,2025-07-30T14:10:27.495822,SMCI,61.57,6,61.61,1
993,2025-07-30T14:10:27.496586,SMCI,61.57,5,61.61,1
994,2025-07-30T14:10:27.497053,SMCI,61.57,6,61.61,1
995,2025-07-30T14:10:27.497565,SMCI,61.57,6,61.62,1
996,2025-07-30T14:10:27.497988,SMCI,61.57,6,61.61,1
997,2025-07-30T14:10:27.498366,SMCI,61.57,7,61.61,1
998,2025-07-30T14:10:27.498761,SMCI,61.57,6,61.61,1
999,2025-07-30T14:10:27.499157,SMCI,61.57,7,61.61,1
1000,2025-07-30T14:10:27.499747,SMCI,61.57,8,61.61,1
1001,2025-07-30T14:10:27.500109,SMCI,61.57,7,61.61,1
1002,2025-07-30T14:10:27.500507,SMCI,61.57,8,61.61,1
1003,2025-07-30T14:10:27.500846,SMCI,61.58,1,61.61,1
1004,2025-07-30T14:10:27.501181,SMCI,61.58,2,61.61,1
1005,2025-07-30T14:10:27.502448,SMCI,61.58,3,61.61,1
1006,2025-07-30T14:10:27.503200,SMCI,61.58,4,61.61,1
1007,2025-07-30T14:10:27.503640,SMCI,61.58,3,61.61,1
1008,2025-07-30T14:10:27.554284,SMCI,61.58,2,61.61,1
1009,2025-07-30T14:10:27.556986,SMCI,61.58,3,61.61,1
1010,2025-07-30T14:10:27.678095,SMCI,61.58,3,61.61,2
1011,2025-07-30T14:10:27.680564,SMCI,61.58,2,61.61,2
1012,2025-07-30T14:10:27.682038,SMCI,61.58,3,61.61,2
1013,2025-07-30T14:10:27.684233,SMCI,61.57,4,61.61,2
1014,2025-07-30T14:10:27.688269,SMCI,61.57,3,61.61,2
1015,2025-07-30T14:10:27.690410,SMCI,61.57,2,61.61,2
1016,2025-07-30T14:10:27.691824,SMCI,61.57,3,61.61,2
1017,2025-07-30T14:10:27.692799,SMCI,61.57,2,61.61,2
1018,2025-07-30T14:10:27.693724,SMCI,61.57,3,61.61,2
1019,2025-07-30T14:10:27.694379,SMCI,61.57,2,61.61,2
1020,2025-07-30T14:10:27.695274,SMCI,61.57,3,61.61,2
1021,2025-07-30T14:10:27.696307,SMCI,61.57,2,61.61,2
1022,2025-07-30T14:10:27.696939,SMCI,61.57,3,61.61,2
1023,2025-07-30T14:10:27.698095,SMCI,61.57,2,61.61,2
1024,2025-07-30T14:10:27.698658,SMCI,61.57,3,61.61,2
1025,2025-07-30T14:10:27.699225,SMCI,61.57,2,61.61,2
1026,2025-07-30T14:10:27.699787,SMCI,61.57,3,61.61,2
1027,2025-07-30T14:10:27.700327,SMCI,61.57,2,61.61,2
1028,2025-07-30T14:10:27.700846,SMCI,61.58,1,61.61,2
1029,2025-07-30T14:10:27.701522,SMCI,61.58,2,61.61,2
1030,2025-07-30T14:10:28.182148,SMCI,61.57,3,61.61,2
1031,2025-07-30T14:10:28.183444,SMCI,61.57,2,61.61,2
1032,2025-07-30T14:10:28.184072,SMCI,61.57,3,61.61,2
1033,2025-07-30T14:10:28.184763,SMCI,61.57,4,61.61,2
1034,2025-07-30T14:10:28.185461,SMCI,61.57,4,61.61,1
1035,2025-07-30T14:10:28.186035,SMCI,61.57,4,61.62,2
1036,2025-07-30T14:10:28.186560,SMCI,61.57,4,61.62,3
1037,2025-07-30T14:10:28.187059,SMCI,61.57,3,61.62,3
1038,2025-07-30T14:10:28.187517,SMCI,61.57,4,61.62,3
1039,2025-07-30T14:10:28.187952,SMCI,61.57,5,61.62,3
1040,2025-07-30T14:10:28.188922,SMCI,61.57,5,61.62,2
1041,2025-07-30T14:10:28.189628,SMCI,61.57,5,61.62,3
1042,2025-07-30T14:10:28.190202,SMCI,61.57,4,61.62,3
1043,2025-07-30T14:10:28.190635,SMCI,61.57,5,61.62,3
1044,2025-07-30T14:10:28.191020,SMCI,61.57,6,61.62,3
1045,2025-07-30T14:10:28.191523,SMCI,61.57,6,61.62,2
1046,2025-07-30T14:10:28.192042,SMCI,61.57,6,61.62,3
1047,2025-07-30T14:10:28.192668,SMCI,61.58,1,61.62,3
1048,2025-07-30T14:10:28.193080,SMCI,61.58,2,61.62,3
1049,2025-07-30T14:10:28.193627,SMCI,61.58,2,61.62,2
1050,2025-07-30T14:10:28.194007,SMCI,61.58,2,61.62,3
1051,2025-07-30T14:10:28.194401,SMCI,61.58,3,61.62,3
1052,2025-07-30T14:10:28.194864,SMCI,61.58,4,61.62,3
1053,2025-07-30T14:10:28.195306,SMCI,61.58,3,61.62,3
1054,2025-07-30T14:10:28.195674,SMCI,61.58,3,61.62,2
1055,2025-07-30T14:10:28.196065,SMCI,61.58,3,61.62,3
1056,2025-07-30T14:10:28.196604,SMCI,61.58,3,61.62,2
1057,2025-07-30T14:10:28.197105,SMCI,61.58,3,61.61,1
1058,2025-07-30T14:10:28.198968,SMCI,61.58,3,61.61,2
1059,2025-07-30T14:10:28.199969,SMCI,61.58,3,61.62,3
1060,2025-07-30T14:10:28.200337,SMCI,61.58,3,61.62,2
1061,2025-07-30T14:10:28.200823,SMCI,61.58,3,61.62,3
1062,2025-07-30T14:10:28.201299,SMCI,61.58,3,61.62,2
1063,2025-07-30T14:10:28.201631,SMCI,61.58,3,61.62,3
1064,2025-07-30T14:10:28.202116,SMCI,61.58,3,61.62,2
1065,2025-07-30T14:10:28.202470,SMCI,61.58,3,61.62,3
1066,2025-07-30T14:10:28.202793,SMCI,61.58,3,61.62,2
1067,2025-07-30T14:10:28.203109,SMCI,61.58,3,61.62,3
1068,2025-07-30T14:10:28.203452,SMCI,61.58,3,61.62,2
1069,2025-07-30T14:10:28.241372,SMCI,61.58,3,61.61,1
1070,2025-07-30T14:10:28.241981,SMCI,61.58,3,61.61,2
1071,2025-07-30T14:10:28.315239,SMCI,61.57,4,61.61,2
1072,2025-07-30T14:10:28.316221,SMCI,61.57,4,61.61,3
1073,2025-07-30T14:10:28.316921,SMCI,61.57,3,61.61,3
1074,2025-07-30T14:10:28.317548,SMCI,61.57,4,61.61,3
1075,2025-07-30T14:10:28.318053,SMCI,61.57,5,61.61,3
1076,2025-07-30T14:10:28.318561,SMCI,61.57,5,61.61,2
1077,2025-07-30T14:10:28.319058,SMCI,61.57,4,61.61,2
1078,2025-07-30T14:10:28.319544,SMCI,61.57,3,61.61,2
1079,2025-07-30T14:10:28.320411,SMCI,61.57,2,61.61,2
1080,2025-07-30T14:10:28.320917,SMCI,61.57,1,61.61,2
1081,2025-07-30T14:10:28.321443,SMCI,61.58,1,61.61,2
1082,2025-07-30T14:10:28.321939,SMCI,61.58,2,61.61,2
1083,2025-07-30T14:10:28.322431,SMCI,61.58,1,61.61,2
1084,2025-07-30T14:10:28.322927,SMCI,61.58,1,61.61,1
1085,2025-07-30T14:10:28.323494,SMCI,61.58,2,61.61,1
1086,2025-07-30T14:10:28.454879,SMCI,61.58,2,61.61,2
1087,2025-07-30T14:10:28.684310,SMCI,61.58,2,61.62,3
1088,2025-07-30T14:10:28.689755,SMCI,61.58,2,61.62,2
1089,2025-07-30T14:10:28.692670,SMCI,61.58,3,61.62,2
1090,2025-07-30T14:10:28.696188,SMCI,61.58,2,61.62,2
1091,2025-07-30T14:10:28.698117,SMCI,61.58,3,61.62,2
1092,2025-07-30T14:10:28.700085,SMCI,61.58,2,61.62,2
1093,2025-07-30T14:10:28.701301,SMCI,61.58,3,61.62,2
1094,2025-07-30T14:10:28.702028,SMCI,61.58,3,61.62,1
1095,2025-07-30T14:10:28.702722,SMCI,61.58,3,61.62,2
1096,2025-07-30T14:10:28.703373,SMCI,61.58,3,61.62,1
1097,2025-07-30T14:10:28.703950,SMCI,61.58,3,61.62,2
1098,2025-07-30T14:10:28.704475,SMCI,61.58,2,61.62,2
1099,2025-07-30T14:10:28.705058,SMCI,61.58,3,61.62,2
1100,2025-07-30T14:10:28.705803,SMCI,61.58,3,61.63,2
1101,2025-07-30T14:10:28.706647,SMCI,61.59,1,61.63,2
1102,2025-07-30T14:10:28.707243,SMCI,61.59,1,61.63,1
1103,2025-07-30T14:10:28.707790,SMCI,61.59,2,61.63,1
1104,2025-07-30T14:10:28.708912,SMCI,61.59,3,61.63,1
1105,2025-07-30T14:10:28.709398,SMCI,61.59,4,61.63,1
1106,2025-07-30T14:10:28.709847,SMCI,61.59,4,61.64,1
1107,2025-07-30T14:10:28.710308,SMCI,61.59,4,61.64,2
1108,2025-07-30T14:10:28.710737,SMCI,61.59,5,61.64,2
1109,2025-07-30T14:10:28.711160,SMCI,61.59,4,61.64,2
1110,2025-07-30T14:10:28.711611,SMCI,61.59,5,61.64,2
1111,2025-07-30T14:10:28.712113,SMCI,61.59,6,61.64,2
1112,2025-07-30T14:10:28.712725,SMCI,61.59,6,61.64,1
1113,2025-07-30T14:10:28.713171,SMCI,61.59,6,61.64,2
1114,2025-07-30T14:10:28.713929,SMCI,61.59,5,61.64,2
1115,2025-07-30T14:10:28.714344,SMCI,61.59,6,61.64,2
1116,2025-07-30T14:10:28.714752,SMCI,61.59,7,61.64,2
1117,2025-07-30T14:10:28.715182,SMCI,61.59,7,61.64,1
1118,2025-07-30T14:10:28.715743,SMCI,61.59,7,61.64,2
1119,2025-07-30T14:10:28.717257,SMCI,61.59,6,61.64,2
1120,2025-07-30T14:10:28.717744,SMCI,61.59,7,61.64,2
1121,2025-07-30T14:10:28.718495,SMCI,61.6,1,61.64,2
1122,2025-07-30T14:10:28.718890,SMCI,61.6,1,61.64,1
1123,2025-07-30T14:10:28.719264,SMCI,61.6,1,61.64,2
1124,2025-07-30T14:10:28.719636,SMCI,61.6,2,61.64,2
1125,2025-07-30T14:10:28.720144,SMCI,61.6,3,61.64,2
1126,2025-07-30T14:10:28.720555,SMCI,61.6,3,61.64,1
1127,2025-07-30T14:10:28.720916,SMCI,61.6,3,61.64,2
1128,2025-07-30T14:10:28.721255,SMCI,61.6,3,61.64,1
1129,2025-07-30T14:10:28.721595,SMCI,61.6,3,61.63,1
1130,2025-07-30T14:10:28.722281,SMCI,61.6,3,61.63,2
1131,2025-07-30T14:10:28.722755,SMCI,61.6,4,61.63,2
1132,2025-07-30T14:10:28.723226,SMCI,61.6,3,61.63,2
1133,2025-07-30T14:10:28.865732,SMCI,61.59,4,61.63,2
1134,2025-07-30T14:10:28.870004,SMCI,61.59,3,61.63,2
1135,2025-07-30T14:10:28.871542,SMCI,61.59,4,61.63,2
1136,2025-07-30T14:10:28.873276,SMCI,61.59,4,61.63,3
1137,2025-07-30T14:10:28.874735,SMCI,61.59,5,61.63,3
1138,2025-07-30T14:10:28.877049,SMCI,61.59,4,61.63,3
1139,2025-07-30T14:10:28.879461,SMCI,61.59,5,61.63,3
1140,2025-07-30T14:10:28.880928,SMCI,61.59,4,61.63,3
1141,2025-07-30T14:10:28.882196,SMCI,61.59,5,61.63,3
1142,2025-07-30T14:10:28.883592,SMCI,61.59,4,61.63,3
1143,2025-07-30T14:10:28.884187,SMCI,61.59,5,61.63,3
1144,2025-07-30T14:10:28.884767,SMCI,61.59,6,61.63,3
1145,2025-07-30T14:10:28.885389,SMCI,61.59,5,61.63,3
1146,2025-07-30T14:10:28.886163,SMCI,61.59,6,61.63,3
1147,2025-07-30T14:10:28.886812,SMCI,61.59,7,61.63,3
1148,2025-07-30T14:10:28.887371,SMCI,61.59,6,61.63,3
1149,2025-07-30T14:10:28.887915,SMCI,61.59,7,61.63,3
1150,2025-07-30T14:10:28.888444,SMCI,61.59,6,61.63,3
1151,2025-07-30T14:10:28.889017,SMCI,61.59,7,61.63,3
1152,2025-07-30T14:10:28.890141,SMCI,61.6,1,61.63,3
1153,2025-07-30T14:10:28.890747,SMCI,61.6,2,61.63,3
1154,2025-07-30T14:10:28.891353,SMCI,61.6,2,61.63,2
1155,2025-07-30T14:10:28.891982,SMCI,61.6,1,61.63,2
1156,2025-07-30T14:10:28.892538,SMCI,61.6,2,61.63,2
1157,2025-07-30T14:10:28.922088,SMCI,61.6,3,61.63,2
1158,2025-07-30T14:10:28.922731,SMCI,61.6,3,61.63,1
1159,2025-07-30T14:10:28.978862,SMCI,61.6,3,61.64,2
1160,2025-07-30T14:10:28.980967,SMCI,61.6,3,61.64,1
1161,2025-07-30T14:10:28.982610,SMCI,61.6,3,61.64,2
1162,2025-07-30T14:10:28.984530,SMCI,61.6,3,61.64,1
1163,2025-07-30T14:10:28.985391,SMCI,61.6,3,61.64,2
1164,2025-07-30T14:10:28.986050,SMCI,61.6,3,61.64,1
1165,2025-07-30T14:10:28.986670,SMCI,61.6,3,61.64,2
1166,2025-07-30T14:10:28.987739,SMCI,61.6,3,61.64,1
1167,2025-07-30T14:10:28.988269,SMCI,61.6,3,61.64,2
1168,2025-07-30T14:10:28.988790,SMCI,61.6,3,61.64,1
1169,2025-07-30T14:10:29.003293,SMCI,61.6,4,61.64,1
1170,2025-07-30T14:10:29.003948,SMCI,61.6,3,61.64,1
1171,2025-07-30T14:10:29.004854,SMCI,61.6,3,61.68,1
1172,2025-07-30T14:10:29.005385,SMCI,61.6,4,61.68,1
1173,2025-07-30T14:10:29.005888,SMCI,61.6,3,61.68,1
1174,2025-07-30T14:10:29.006399,SMCI,61.6,4,61.68,1
1175,2025-07-30T14:10:29.006995,SMCI,61.6,5,61.68,1
1176,2025-07-30T14:10:29.007607,SMCI,61.6,6,61.68,1
1177,2025-07-30T14:10:29.008601,SMCI,61.6,5,61.68,1
1178,2025-07-30T14:10:29.009138,SMCI,61.6,6,61.68,1
1179,2025-07-30T14:10:29.009655,SMCI,61.6,7,61.68,1
1180,2025-07-30T14:10:29.010127,SMCI,61.6,6,61.68,1
1181,2025-07-30T14:10:29.010575,SMCI,61.6,7,61.68,1
1182,2025-07-30T14:10:29.011021,SMCI,61.6,8,61.68,1
1183,2025-07-30T14:10:29.011476,SMCI,61.6,7,61.68,1
1184,2025-07-30T14:10:29.011906,SMCI,61.6,8,61.68,1
1185,2025-07-30T14:10:29.012372,SMCI,61.61,1,61.68,1
1186,2025-07-30T14:10:29.012952,SMCI,61.61,2,61.68,1
1187,2025-07-30T14:10:29.013406,SMCI,61.61,3,61.68,1
1188,2025-07-30T14:10:29.014204,SMCI,61.61,4,61.68,1
1189,2025-07-30T14:10:29.027144,SMCI,61.61,4,61.63,1
1190,2025-07-30T14:10:29.027674,SMCI,61.61,4,61.63,2
1191,2025-07-30T14:10:29.028133,SMCI,61.61,3,61.63,2
1192,2025-07-30T14:10:29.028564,SMCI,61.61,3,61.63,1
1193,2025-07-30T14:10:29.028995,SMCI,61.61,2,61.63,1
1194,2025-07-30T14:10:29.212841,SMCI,61.61,1,61.63,1
1195,2025-07-30T14:10:29.365961,SMCI,61.61,1,61.63,2
1196,2025-07-30T14:10:29.368290,SMCI,61.59,1,61.63,2
1197,2025-07-30T14:10:29.393322,SMCI,61.59,1,61.63,1
1198,2025-07-30T14:10:29.399656,SMCI,61.59,1,61.63,2
1199,2025-07-30T14:10:29.406362,SMCI,61.58,1,61.63,2
1200,2025-07-30T14:10:29.408671,SMCI,61.58,1,61.62,1
1201,2025-07-30T14:10:29.409899,SMCI,61.58,1,61.62,2
1202,2025-07-30T14:10:29.412476,SMCI,61.58,1,61.62,1
1203,2025-07-30T14:10:29.414327,SMCI,61.58,1,61.62,2
1204,2025-07-30T14:10:29.415994,SMCI,61.58,1,61.62,3
1205,2025-07-30T14:10:29.416675,SMCI,61.58,2,61.62,3
1206,2025-07-30T14:10:29.417349,SMCI,61.58,1,61.62,3
1207,2025-07-30T14:10:29.418002,SMCI,61.57,1,61.62,3
1208,2025-07-30T14:10:29.418742,SMCI,61.57,1,61.62,4
1209,2025-07-30T14:10:29.419389,SMCI,61.57,1,61.62,3
1210,2025-07-30T14:10:29.419937,SMCI,61.57,1,61.62,4
1211,2025-07-30T14:10:29.420897,SMCI,61.58,1,61.62,4
1212,2025-07-30T14:10:29.421441,SMCI,61.58,2,61.62,4
1213,2025-07-30T14:10:29.421947,SMCI,61.58,2,61.62,3
1214,2025-07-30T14:10:29.422477,SMCI,61.58,2,61.62,3
1215,2025-07-30T14:10:29.423007,SMCI,61.58,2,61.62,2
1216,2025-07-30T14:10:29.423589,SMCI,61.58,2,61.62,3
1217,2025-07-30T14:10:29.424069,SMCI,61.58,2,61.62,2
1218,2025-07-30T14:10:29.424513,SMCI,61.58,2,61.62,3
1219,2025-07-30T14:10:29.424998,SMCI,61.58,2,61.62,2
1220,2025-07-30T14:10:29.425457,SMCI,61.58,2,61.6,1
1221,2025-07-30T14:10:29.426001,SMCI,61.58,2,61.61,1
1222,2025-07-30T14:10:29.426527,SMCI,61.58,2,61.62,2
1223,2025-07-30T14:10:29.426971,SMCI,61.58,2,61.62,1
1224,2025-07-30T14:10:29.427398,SMCI,61.58,2,61.61,1
1225,2025-07-30T14:10:29.427878,SMCI,61.58,2,61.62,1
1226,2025-07-30T14:10:29.428487,SMCI,61.58,2,61.61,1
1227,2025-07-30T14:10:29.429269,SMCI,61.58,2,61.61,2
1228,2025-07-30T14:10:29.430186,SMCI,61.58,2,61.61,2
1229,2025-07-30T14:10:29.630625,SMCI,61.57,3,61.61,2
1230,2025-07-30T14:10:29.632504,SMCI,61.57,2,61.61,2
1231,2025-07-30T14:10:29.633628,SMCI,61.57,3,61.61,2
1232,2025-07-30T14:10:29.957188,SMCI,61.56,4,61.61,2
1233,2025-07-30T14:10:29.959458,SMCI,61.56,3,61.61,2
1234,2025-07-30T14:10:29.961488,SMCI,61.56,2,61.61,2
1235,2025-07-30T14:10:29.963455,SMCI,61.56,3,61.61,2
1236,2025-07-30T14:10:29.965614,SMCI,61.56,2,61.61,2
1237,2025-07-30T14:10:29.967791,SMCI,61.56,3,61.61,2
1238,2025-07-30T14:10:29.971731,SMCI,61.56,2,61.61,2
1239,2025-07-30T14:10:29.972472,SMCI,61.56,3,61.61,2
1240,2025-07-30T14:10:29.973130,SMCI,61.56,2,61.61,2
1241,2025-07-30T14:10:29.974165,SMCI,61.56,3,61.61,2
1242,2025-07-30T14:10:29.974791,SMCI,61.56,2,61.61,2
1243,2025-07-30T14:10:29.975425,SMCI,61.57,1,61.61,2
1244,2025-07-30T14:10:29.975974,SMCI,61.57,2,61.61,2
1245,2025-07-30T14:10:29.976646,SMCI,61.57,3,61.61,2
1246,2025-07-30T14:10:30.085893,SMCI,61.57,4,61.61,2
1247,2025-07-30T14:10:30.088066,SMCI,61.57,3,61.61,2
1248,2025-07-30T14:10:30.089188,SMCI,61.57,4,61.61,2
1249,2025-07-30T14:10:30.090322,SMCI,61.57,3,61.61,2
1250,2025-07-30T14:10:30.091103,SMCI,61.57,4,61.61,2
1251,2025-07-30T14:10:30.091978,SMCI,61.57,3,61.61,2
1252,2025-07-30T14:10:30.092915,SMCI,61.57,4,61.61,2
1253,2025-07-30T14:10:30.094070,SMCI,61.57,3,61.61,2
1254,2025-07-30T14:10:30.095100,SMCI,61.57,4,61.61,2
1255,2025-07-30T14:10:30.096730,SMCI,61.57,3,61.61,2
1256,2025-07-30T14:10:30.098870,SMCI,61.57,4,61.61,2
1257,2025-07-30T14:10:30.100036,SMCI,61.57,3,61.61,2
1258,2025-07-30T14:10:30.100690,SMCI,61.58,1,61.61,2
1259,2025-07-30T14:10:30.101219,SMCI,61.58,2,61.61,2
1260,2025-07-30T14:10:30.102275,SMCI,61.58,3,61.61,2
1261,2025-07-30T14:10:30.149270,SMCI,61.58,3,61.62,3
1262,2025-07-30T14:10:30.150182,SMCI,61.58,4,61.62,3
1263,2025-07-30T14:10:30.150775,SMCI,61.58,4,61.62,2
1264,2025-07-30T14:10:30.151296,SMCI,61.58,4,61.62,3
1265,2025-07-30T14:10:30.151817,SMCI,61.58,4,61.62,4
1266,2025-07-30T14:10:30.152544,SMCI,61.58,4,61.62,3
1267,2025-07-30T14:10:30.152935,SMCI,61.58,4,61.62,4
1268,2025-07-30T14:10:30.153289,SMCI,61.58,4,61.62,3
1269,2025-07-30T14:10:30.153630,SMCI,61.58,4,61.62,4
1270,2025-07-30T14:10:30.153937,SMCI,61.58,4,61.62,3
1271,2025-07-30T14:10:30.154223,SMCI,61.58,4,61.62,4
1272,2025-07-30T14:10:30.155042,SMCI,61.58,4,61.62,5
1273,2025-07-30T14:10:30.155375,SMCI,61.58,4,61.62,4
1274,2025-07-30T14:10:30.155682,SMCI,61.58,4,61.62,5
1275,2025-07-30T14:10:30.156092,SMCI,61.58,4,61.62,6
1276,2025-07-30T14:10:30.156411,SMCI,61.58,4,61.62,5
1277,2025-07-30T14:10:30.156698,SMCI,61.58,4,61.62,6
1278,2025-07-30T14:10:30.156982,SMCI,61.58,4,61.61,1
1279,2025-07-30T14:10:30.157276,SMCI,61.58,4,61.61,2
1280,2025-07-30T14:10:30.157566,SMCI,61.58,4,61.61,3
1281,2025-07-30T14:10:30.158180,SMCI,61.58,4,61.61,2
1282,2025-07-30T14:10:30.158535,SMCI,61.58,3,61.61,2
1283,2025-07-30T14:10:30.201669,SMCI,61.58,2,61.61,2
1284,2025-07-30T14:10:30.303863,SMCI,61.57,3,61.61,2
1285,2025-07-30T14:10:30.305726,SMCI,61.57,2,61.61,2
1286,2025-07-30T14:10:30.306642,SMCI,61.57,3,61.61,2
1287,2025-07-30T14:10:30.307353,SMCI,61.57,2,61.61,2
1288,2025-07-30T14:10:30.308058,SMCI,61.57,3,61.61,2
1289,2025-07-30T14:10:30.308685,SMCI,61.57,2,61.61,2
1290,2025-07-30T14:10:30.309543,SMCI,61.57,3,61.61,2
1291,2025-07-30T14:10:30.310866,SMCI,61.57,2,61.61,2
1292,2025-07-30T14:10:30.312553,SMCI,61.57,3,61.61,2
1293,2025-07-30T14:10:30.314209,SMCI,61.57,2,61.61,2
1294,2025-07-30T14:10:30.315124,SMCI,61.58,1,61.61,2
1295,2025-07-30T14:10:30.316290,SMCI,61.58,2,61.61,2
1296,2025-07-30T14:10:30.317783,SMCI,61.58,3,61.61,2
1297,2025-07-30T14:10:30.318889,SMCI,61.58,2,61.61,2
1298,2025-07-30T14:10:30.608064,SMCI,61.58,1,61.61,2
1299,2025-07-30T14:10:30.610475,SMCI,61.57,1,61.61,2
1300,2025-07-30T14:10:30.611886,SMCI,61.57,2,61.61,2
1301,2025-07-30T14:10:30.613857,SMCI,61.57,3,61.61,2
1302,2025-07-30T14:10:30.962607,SMCI,61.56,4,61.61,2
1303,2025-07-30T14:10:30.965725,SMCI,61.56,3,61.61,2
1304,2025-07-30T14:10:30.967367,SMCI,61.56,2,61.61,2
1305,2025-07-30T14:10:30.969276,SMCI,61.56,2,61.61,3
1306,2025-07-30T14:10:30.971761,SMCI,61.56,2,61.61,2
1307,2025-07-30T14:10:30.973697,SMCI,61.56,2,61.61,3
1308,2025-07-30T14:10:30.976834,SMCI,61.56,2,61.61,2
1309,2025-07-30T14:10:30.977550,SMCI,61.56,2,61.61,3
1310,2025-07-30T14:10:30.978250,SMCI,61.56,1,61.61,3
1311,2025-07-30T14:10:30.979038,SMCI,61.56,1,61.61,2
1312,2025-07-30T14:10:30.979654,SMCI,61.56,1,61.61,3
1313,2025-07-30T14:10:30.980230,SMCI,61.56,1,61.61,4
1314,2025-07-30T14:10:30.980745,SMCI,61.56,2,61.61,4
1315,2025-07-30T14:10:30.981266,SMCI,61.56,2,61.61,4
1316,2025-07-30T14:10:30.981787,SMCI,61.56,2,61.61,4
1317,2025-07-30T14:10:30.982447,SMCI,61.56,2,61.61,3
1318,2025-07-30T14:10:30.983059,SMCI,61.56,1,61.61,3
1319,2025-07-30T14:10:30.983600,SMCI,61.56,1,61.61,4
1320,2025-07-30T14:10:30.984163,SMCI,61.56,1,61.61,3
1321,2025-07-30T14:10:30.984751,SMCI,61.56,1,61.61,4
1322,2025-07-30T14:10:30.985282,SMCI,61.56,1,61.61,3
1323,2025-07-30T14:10:30.985952,SMCI,61.56,1,61.61,4
1324,2025-07-30T14:10:30.986459,SMCI,61.56,1,61.61,3
1325,2025-07-30T14:10:30.987471,SMCI,61.56,1,61.58,1
1326,2025-07-30T14:10:30.987920,SMCI,61.56,1,61.58,2
1327,2025-07-30T14:11:41.648851,SMCI,61.45,2,61.48,3
1328,2025-07-30T14:11:41.817357,SMCI,61.45,1,61.48,3
1329,2025-07-30T14:11:41.819935,SMCI,61.45,1,61.48,4
1330,2025-07-30T14:11:41.821628,SMCI,59.35,4,61.48,4
1331,2025-07-30T14:11:41.823727,SMCI,59.35,4,61.48,5
1332,2025-07-30T14:11:41.825465,SMCI,59.35,4,61.48,4
1333,2025-07-30T14:11:41.827012,SMCI,59.35,4,61.48,5
1334,2025-07-30T14:11:41.829315,SMCI,59.35,4,61.48,4
1335,2025-07-30T14:11:41.831816,SMCI,59.35,4,61.48,5
1336,2025-07-30T14:11:41.833183,SMCI,59.35,4,61.48,4
1337,2025-07-30T14:11:41.834048,SMCI,59.35,4,61.48,5
1338,2025-07-30T14:11:41.834723,SMCI,59.35,4,61.48,6
1339,2025-07-30T14:11:41.835249,SMCI,59.35,4,61.48,5
1340,2025-07-30T14:11:41.835775,SMCI,59.35,4,61.48,6
1341,2025-07-30T14:11:41.836747,SMCI,59.35,4,61.48,7
1342,2025-07-30T14:11:41.837732,SMCI,59.35,4,61.48,6
1343,2025-07-30T14:11:41.838530,SMCI,59.35,4,61.48,7
1344,2025-07-30T14:11:41.839108,SMCI,59.35,4,61.47,1
1345,2025-07-30T14:11:41.839704,SMCI,59.35,4,61.47,2
1346,2025-07-30T14:11:41.840301,SMCI,59.35,4,61.47,3
1347,2025-07-30T14:11:41.840963,SMCI,59.35,4,61.47,4
1348,2025-07-30T14:11:41.841453,SMCI,61.45,1,61.47,4
1349,2025-07-30T14:11:41.841924,SMCI,61.45,1,61.47,3
1350,2025-07-30T14:11:41.842674,SMCI,61.45,1,61.48,4
1351,2025-07-30T14:11:41.844069,SMCI,61.45,1,61.48,3
1352,2025-07-30T14:11:41.844557,SMCI,61.45,1,61.48,4
1353,2025-07-30T14:11:41.844995,SMCI,61.45,1,61.48,5
1354,2025-07-30T14:11:41.845420,SMCI,61.45,1,61.48,4
1355,2025-07-30T14:11:41.846127,SMCI,61.45,1,61.48,5
1356,2025-07-30T14:11:41.846749,SMCI,61.45,1,61.48,4
1357,2025-07-30T14:11:41.847161,SMCI,61.45,1,61.48,5
1358,2025-07-30T14:11:41.847596,SMCI,61.45,1,61.48,4
1359,2025-07-30T14:11:41.847989,SMCI,61.45,1,61.48,5
1360,2025-07-30T14:11:41.848355,SMCI,61.45,1,61.48,6
1361,2025-07-30T14:11:41.848713,SMCI,61.45,1,61.48,5
1362,2025-07-30T14:11:41.849076,SMCI,61.45,1,61.48,6
1363,2025-07-30T14:11:41.849456,SMCI,61.45,1,61.48,7
1364,2025-07-30T14:11:41.849840,SMCI,61.45,1,61.48,6
1365,2025-07-30T14:11:41.850212,SMCI,61.45,1,61.48,7
1366,2025-07-30T14:11:41.850572,SMCI,61.45,1,61.48,6
1367,2025-07-30T14:11:41.850969,SMCI,61.45,1,61.47,1
1368,2025-07-30T14:11:41.851407,SMCI,61.45,1,61.47,2
1369,2025-07-30T14:11:41.851835,SMCI,61.45,1,61.47,1
1370,2025-07-30T14:11:41.891116,SMCI,61.45,1,61.47,2
1371,2025-07-30T14:11:42.159530,SMCI,61.45,1,61.47,1
1372,2025-07-30T14:11:42.243620,SMCI,61.45,1,61.47,2
1373,2025-07-30T14:11:42.292134,SMCI,59.35,4,61.47,2
1374,2025-07-30T14:11:42.331736,SMCI,59.35,4,61.47,3
1375,2025-07-30T14:11:42.335494,SMCI,59.35,4,61.46,1
1376,2025-07-30T14:11:42.338466,SMCI,59.35,4,61.46,2
1377,2025-07-30T14:11:42.341204,SMCI,59.35,4,61.46,3
1378,2025-07-30T14:11:42.346282,SMCI,59.35,4,61.46,4
1379,2025-07-30T14:11:42.350383,SMCI,59.35,4,61.46,3
1380,2025-07-30T14:11:42.351959,SMCI,59.35,4,61.46,2
1381,2025-07-30T14:11:42.353155,SMCI,59.35,4,61.46,3
1382,2025-07-30T14:11:42.353926,SMCI,59.35,4,61.46,3
1383,2025-07-30T14:11:42.354622,SMCI,61.44,1,61.46,3
1384,2025-07-30T14:11:42.355293,SMCI,61.44,1,61.46,3
1385,2025-07-30T14:11:42.356053,SMCI,61.44,1,61.46,2
1386,2025-07-30T14:11:42.357128,SMCI,61.44,1,61.46,1
1387,2025-07-30T14:11:42.357820,SMCI,61.44,1,61.47,1
1388,2025-07-30T14:11:42.358704,SMCI,61.44,2,61.47,1
1389,2025-07-30T14:11:42.359280,SMCI,61.44,2,61.48,2
1390,2025-07-30T14:11:42.359801,SMCI,61.44,2,61.48,1
1391,2025-07-30T14:11:42.360339,SMCI,61.44,2,61.48,2
1392,2025-07-30T14:11:42.360786,SMCI,61.44,3,61.48,2
1393,2025-07-30T14:11:42.361222,SMCI,61.44,2,61.48,2
1394,2025-07-30T14:11:42.361637,SMCI,61.44,3,61.48,2
1395,2025-07-30T14:11:42.362116,SMCI,61.44,2,61.48,2
1396,2025-07-30T14:11:42.362573,SMCI,61.44,3,61.48,2
1397,2025-07-30T14:11:42.363488,SMCI,61.44,3,61.48,1
1398,2025-07-30T14:11:42.364022,SMCI,61.44,2,61.48,1
1399,2025-07-30T14:11:42.364834,SMCI,61.44,3,61.48,1
1400,2025-07-30T14:11:42.365525,SMCI,61.44,3,61.48,2
1401,2025-07-30T14:11:42.366174,SMCI,61.44,3,61.48,3
1402,2025-07-30T14:11:42.366621,SMCI,61.44,2,61.48,3
1403,2025-07-30T14:11:42.367091,SMCI,61.44,3,61.48,3
1404,2025-07-30T14:11:42.367617,SMCI,61.44,2,61.48,3
1405,2025-07-30T14:11:42.368091,SMCI,61.44,3,61.48,3
1406,2025-07-30T14:11:42.368589,SMCI,61.44,2,61.48,3
1407,2025-07-30T14:11:42.368976,SMCI,61.45,1,61.48,3
1408,2025-07-30T14:11:42.369420,SMCI,61.45,2,61.48,3
1409,2025-07-30T14:11:42.369884,SMCI,61.45,3,61.48,3
1410,2025-07-30T14:11:42.370879,SMCI,61.45,2,61.48,3
1411,2025-07-30T14:11:42.429220,SMCI,61.45,1,61.48,3
1412,2025-07-30T14:11:42.508919,SMCI,61.45,2,61.48,3
1413,2025-07-30T14:11:42.556377,SMCI,61.45,2,61.49,4
1414,2025-07-30T14:11:42.558761,SMCI,61.45,2,61.49,3
1415,2025-07-30T14:11:42.560470,SMCI,61.45,2,61.49,4
1416,2025-07-30T14:11:42.566467,SMCI,61.45,2,61.49,3
1417,2025-07-30T14:11:42.569091,SMCI,61.45,2,61.49,4
1418,2025-07-30T14:11:42.570470,SMCI,61.45,2,61.49,5
1419,2025-07-30T14:11:42.572313,SMCI,61.45,2,61.49,4
1420,2025-07-30T14:11:42.573058,SMCI,61.45,2,61.49,5
1421,2025-07-30T14:11:42.574104,SMCI,61.45,2,61.49,6
1422,2025-07-30T14:11:42.574646,SMCI,61.45,2,61.49,5
1423,2025-07-30T14:11:42.575192,SMCI,61.45,2,61.49,6
1424,2025-07-30T14:11:42.575721,SMCI,61.45,2,61.48,1
1425,2025-07-30T14:11:42.576249,SMCI,61.45,2,61.48,2
1426,2025-07-30T14:11:42.576829,SMCI,61.45,2,61.48,3
1427,2025-07-30T14:11:42.577495,SMCI,61.45,2,61.48,4
1428,2025-07-30T14:11:42.607104,SMCI,61.45,2,61.48,3
1429,2025-07-30T14:11:42.808052,SMCI,61.45,2,61.48,2
1430,2025-07-30T14:11:42.810169,SMCI,61.45,1,61.48,2
1431,2025-07-30T14:11:42.811435,SMCI,61.45,1,61.48,3
1432,2025-07-30T14:11:42.812525,SMCI,61.45,1,61.48,2
1433,2025-07-30T14:11:42.813945,SMCI,61.45,1,61.48,3
1434,2025-07-30T14:11:42.815454,SMCI,61.45,1,61.48,4
1435,2025-07-30T14:11:42.817370,SMCI,61.45,1,61.48,3
1436,2025-07-30T14:11:42.818794,SMCI,61.45,1,61.48,4
1437,2025-07-30T14:11:42.821493,SMCI,61.45,1,61.48,5
1438,2025-07-30T14:11:42.822452,SMCI,61.45,1,61.48,4
1439,2025-07-30T14:11:42.823439,SMCI,61.45,1,61.48,5
1440,2025-07-30T14:11:42.824476,SMCI,61.45,1,61.48,6
1441,2025-07-30T14:11:42.825390,SMCI,61.45,1,61.48,5
1442,2025-07-30T14:11:42.826102,SMCI,61.45,1,61.48,6
1443,2025-07-30T14:11:42.826772,SMCI,61.45,1,61.47,1
1444,2025-07-30T14:11:42.827368,SMCI,61.45,1,61.47,2
1445,2025-07-30T14:11:42.828021,SMCI,61.45,1,61.47,3
1446,2025-07-30T14:11:42.828899,SMCI,61.45,1,61.47,4
1447,2025-07-30T14:11:42.856059,SMCI,61.45,1,61.48,5
1448,2025-07-30T14:11:42.856896,SMCI,61.45,1,61.48,4
1449,2025-07-30T14:11:42.857534,SMCI,61.45,1,61.48,3
1450,2025-07-30T14:11:42.858074,SMCI,61.45,1,61.48,2
1451,2025-07-30T14:11:42.858612,SMCI,61.45,1,61.48,1
1452,2025-07-30T14:11:42.885853,SMCI,61.45,1,61.47,1
1453,2025-07-30T14:11:42.892062,SMCI,61.45,1,61.47,2
1454,2025-07-30T14:11:42.893475,SMCI,61.45,1,61.47,3
1455,2025-07-30T14:11:42.894614,SMCI,61.45,1,61.47,2
1456,2025-07-30T14:11:42.896636,SMCI,61.45,1,61.47,3
1457,2025-07-30T14:11:42.913420,SMCI,61.45,1,61.47,2
1458,2025-07-30T14:11:42.914176,SMCI,61.45,1,61.47,1
1459,2025-07-30T14:11:42.967327,SMCI,61.45,1,61.48,1
1460,2025-07-30T14:11:43.077705,SMCI,61.45,1,61.47,1
1461,2025-07-30T14:11:43.080835,SMCI,61.45,1,61.47,2
1462,2025-07-30T14:11:43.082545,SMCI,61.45,1,61.47,3
1463,2025-07-30T14:11:43.084357,SMCI,61.45,1,61.47,2
1464,2025-07-30T14:11:43.086381,SMCI,61.45,1,61.47,3
1465,2025-07-30T14:11:43.147154,SMCI,61.45,1,61.48,4
1466,2025-07-30T14:11:43.150110,SMCI,61.45,1,61.48,3
1467,2025-07-30T14:11:43.151985,SMCI,61.45,1,61.48,2
1468,2025-07-30T14:11:43.154335,SMCI,61.45,1,61.48,1
1469,2025-07-30T14:11:43.239436,SMCI,61.45,1,61.48,2
1470,2025-07-30T14:11:43.241893,SMCI,61.45,1,61.48,3
1471,2025-07-30T14:11:43.243217,SMCI,61.45,1,61.48,4
1472,2025-07-30T14:11:43.244393,SMCI,61.45,1,61.48,3
1473,2025-07-30T14:11:43.245656,SMCI,61.45,1,61.48,4
1474,2025-07-30T14:11:43.246883,SMCI,61.45,1,61.48,3
1475,2025-07-30T14:11:43.248532,SMCI,61.45,1,61.48,4
1476,2025-07-30T14:11:43.250737,SMCI,61.45,1,61.48,5
1477,2025-07-30T14:11:43.252776,SMCI,61.45,1,61.48,4
1478,2025-07-30T14:11:43.253609,SMCI,61.45,1,61.48,5
1479,2025-07-30T14:11:43.254328,SMCI,61.45,1,61.47,1
1480,2025-07-30T14:11:43.255027,SMCI,61.45,1,61.47,2
1481,2025-07-30T14:11:43.255818,SMCI,61.45,1,61.47,1
1482,2025-07-30T14:11:43.256503,SMCI,61.45,1,61.47,2
1483,2025-07-30T14:11:43.290018,SMCI,61.45,1,61.47,3
1484,2025-07-30T14:11:43.715229,SMCI,61.45,1,61.48,4
1485,2025-07-30T14:11:43.717639,SMCI,61.45,1,61.48,3
1486,2025-07-30T14:11:43.719082,SMCI,61.45,1,61.48,2
1487,2025-07-30T14:11:43.720556,SMCI,61.45,1,61.48,1
1488,2025-07-30T14:11:43.744709,SMCI,61.45,1,61.47,1
1489,2025-07-30T14:11:43.746634,SMCI,61.45,1,61.47,2
1490,2025-07-30T14:11:43.748302,SMCI,61.45,1,61.47,1
1491,2025-07-30T14:11:43.806962,SMCI,61.45,1,61.47,2
1492,2025-07-30T14:11:43.821758,SMCI,61.45,1,61.47,3
1493,2025-07-30T14:11:43.891063,SMCI,61.44,1,61.47,3
1494,2025-07-30T14:11:43.893880,SMCI,59.35,4,61.47,3
1495,2025-07-30T14:11:43.895684,SMCI,59.35,4,61.47,4
1496,2025-07-30T14:11:43.897924,SMCI,59.35,4,61.47,3
1497,2025-07-30T14:11:43.901135,SMCI,59.35,4,61.47,4
1498,2025-07-30T14:11:43.903512,SMCI,59.35,4,61.47,3
1499,2025-07-30T14:11:43.905091,SMCI,59.35,4,61.47,4
1500,2025-07-30T14:11:43.907268,SMCI,59.35,4,61.47,3
1501,2025-07-30T14:11:43.908098,SMCI,59.35,4,61.47,4
1502,2025-07-30T14:11:43.908789,SMCI,59.35,4,61.47,3
1503,2025-07-30T14:11:43.909439,SMCI,59.35,4,61.47,4
1504,2025-07-30T14:11:43.910079,SMCI,59.35,4,61.47,3
1505,2025-07-30T14:11:43.910737,SMCI,59.35,4,61.47,4
1506,2025-07-30T14:11:43.911299,SMCI,59.35,4,61.47,3
1507,2025-07-30T14:11:43.911876,SMCI,59.35,4,61.46,1
1508,2025-07-30T14:11:43.912987,SMCI,59.35,4,61.46,2
1509,2025-07-30T14:11:43.913520,SMCI,59.35,4,61.47,3
1510,2025-07-30T14:11:43.914047,SMCI,59.35,4,61.47,2
1511,2025-07-30T14:11:43.914563,SMCI,59.35,4,61.47,3
1512,2025-07-30T14:11:43.915174,SMCI,59.35,4,61.47,2
1513,2025-07-30T14:11:43.915733,SMCI,59.35,4,61.46,1
1514,2025-07-30T14:11:43.916339,SMCI,59.35,4,61.47,1
1515,2025-07-30T14:11:43.932214,SMCI,59.35,4,61.46,1
1516,2025-07-30T14:11:43.947072,SMCI,59.35,4,61.47,1
1517,2025-07-30T14:11:43.947684,SMCI,59.35,4,61.47,2
1518,2025-07-30T14:11:44.058950,SMCI,59.35,4,61.47,3
1519,2025-07-30T14:11:44.116402,SMCI,61.45,1,61.47,3
1520,2025-07-30T14:11:44.118616,SMCI,61.45,2,61.47,3
1521,2025-07-30T14:11:44.120526,SMCI,61.45,1,61.47,3
1522,2025-07-30T14:11:44.218482,SMCI,59.35,4,61.47,3
1523,2025-07-30T14:11:44.387993,SMCI,61.45,1,61.47,3
1524,2025-07-30T14:11:44.393310,SMCI,61.45,2,61.47,3
1525,2025-07-30T14:11:44.396774,SMCI,61.45,1,61.47,3
1526,2025-07-30T14:11:44.398692,SMCI,61.45,1,61.47,2
1527,2025-07-30T14:11:44.400361,SMCI,61.45,1,61.47,3
1528,2025-07-30T14:11:44.488723,SMCI,61.45,1,61.47,2
1529,2025-07-30T14:11:44.491070,SMCI,61.45,1,61.47,1
1530,2025-07-30T14:11:44.523297,SMCI,61.45,1,61.47,2
1531,2025-07-30T14:11:44.526242,SMCI,61.45,1,61.47,3
1532,2025-07-30T14:11:45.077614,SMCI,61.45,1,61.47,2
1533,2025-07-30T14:11:45.079833,SMCI,61.45,1,61.47,3
1534,2025-07-30T14:11:45.083431,SMCI,61.45,1,61.47,2
1535,2025-07-30T14:11:45.085476,SMCI,61.45,1,61.47,1
1536,2025-07-30T14:11:45.236715,SMCI,61.45,1,61.48,1
1537,2025-07-30T14:11:45.270320,SMCI,61.45,1,61.49,1
1538,2025-07-30T14:11:45.487761,SMCI,61.45,1,61.48,1
1539,2025-07-30T14:11:45.494492,SMCI,61.45,1,61.48,2
1540,2025-07-30T14:11:45.496867,SMCI,61.45,1,61.48,1
1541,2025-07-30T14:11:45.499583,SMCI,61.45,1,61.48,2
1542,2025-07-30T14:11:45.502897,SMCI,61.45,1,61.48,1
1543,2025-07-30T14:11:45.504004,SMCI,61.45,1,61.49,1
1544,2025-07-30T14:11:45.505002,SMCI,61.45,1,61.48,1
1545,2025-07-30T14:11:45.506228,SMCI,61.45,1,61.49,1
1546,2025-07-30T14:11:45.507827,SMCI,61.45,1,61.48,1
1547,2025-07-30T14:11:45.510937,SMCI,61.45,1,61.49,1
1548,2025-07-30T14:11:45.511955,SMCI,61.45,1,61.48,1
1549,2025-07-30T14:11:45.512777,SMCI,61.45,1,61.47,1
1550,2025-07-30T14:11:45.513468,SMCI,61.45,1,61.47,2
1551,2025-07-30T14:11:45.514133,SMCI,61.45,1,61.47,1
1552,2025-07-30T14:11:45.647681,SMCI,61.45,1,61.49,1
1553,2025-07-30T14:11:45.679404,SMCI,61.45,1,61.47,1
1554,2025-07-30T14:11:45.681688,SMCI,61.45,1,61.47,2
1555,2025-07-30T14:11:45.683308,SMCI,61.45,1,61.47,1
1556,2025-07-30T14:11:45.845860,SMCI,61.45,1,61.48,1
1557,2025-07-30T14:11:45.848176,SMCI,61.45,2,61.48,1
1558,2025-07-30T14:11:45.849490,SMCI,61.45,2,61.49,1
1559,2025-07-30T14:11:46.099778,SMCI,61.45,1,61.49,1
1560,2025-07-30T14:11:46.102255,SMCI,61.45,1,61.47,1
1561,2025-07-30T14:11:46.103743,SMCI,61.45,1,61.47,2
1562,2025-07-30T14:11:46.104962,SMCI,61.45,1,61.47,1
1563,2025-07-30T14:11:46.112936,SMCI,61.45,1,61.48,1
1564,2025-07-30T14:11:46.114608,SMCI,61.45,1,61.49,1
1565,2025-07-30T14:11:46.117836,SMCI,61.45,1,61.48,1
1566,2025-07-30T14:11:46.119563,SMCI,61.45,1,61.48,2
1567,2025-07-30T14:11:46.120717,SMCI,61.45,1,61.48,1
1568,2025-07-30T14:11:46.121454,SMCI,61.45,1,61.49,1
1569,2025-07-30T14:11:46.152239,SMCI,61.45,1,61.47,1
1570,2025-07-30T14:11:46.153924,SMCI,61.45,1,61.47,2
1571,2025-07-30T14:11:46.154930,SMCI,61.45,1,61.47,3
1572,2025-07-30T14:11:46.155774,SMCI,61.45,1,61.47,2
1573,2025-07-30T14:11:46.156589,SMCI,61.45,1,61.47,3
1574,2025-07-30T14:11:46.157554,SMCI,61.45,1,61.47,2
1575,2025-07-30T14:11:46.185863,SMCI,61.45,1,61.47,3
1576,2025-07-30T14:11:46.220881,SMCI,61.45,1,61.47,2
1577,2025-07-30T14:11:46.223005,SMCI,61.45,1,61.47,1
1578,2025-07-30T14:11:46.320735,SMCI,61.44,1,61.47,1
1579,2025-07-30T14:11:46.323076,SMCI,61.44,1,61.47,2
1580,2025-07-30T14:11:46.324872,SMCI,59.35,4,61.47,2
1581,2025-07-30T14:11:46.326393,SMCI,61.44,1,61.47,2
1582,2025-07-30T14:11:46.328043,SMCI,59.35,4,61.47,2
1583,2025-07-30T14:11:46.330064,SMCI,61.44,1,61.47,2
1584,2025-07-30T14:11:46.331604,SMCI,59.35,4,61.47,2
1585,2025-07-30T14:11:46.334289,SMCI,59.35,4,61.47,3
1586,2025-07-30T14:11:46.337147,SMCI,61.45,1,61.47,3
1587,2025-07-30T14:11:46.361188,SMCI,61.45,1,61.47,2
1588,2025-07-30T14:11:46.362385,SMCI,61.45,1,61.47,3
1589,2025-07-30T14:11:46.363117,SMCI,61.45,1,61.48,3
1590,2025-07-30T14:11:46.363745,SMCI,61.45,1,61.48,2
1591,2025-07-30T14:11:46.364329,SMCI,61.45,1,61.48,1
1592,2025-07-30T14:11:46.364947,SMCI,61.45,1,61.49,1
1593,2025-07-30T14:11:46.365557,SMCI,61.45,1,61.48,1
1594,2025-07-30T14:11:46.366168,SMCI,61.45,1,61.49,1
1595,2025-07-30T14:11:46.379301,SMCI,61.45,2,61.49,1
1596,2025-07-30T14:11:46.563935,SMCI,61.45,2,61.47,1
1597,2025-07-30T14:11:46.962937,SMCI,61.45,1,61.47,1
1598,2025-07-30T14:11:47.150126,SMCI,61.45,1,61.49,1
1599,2025-07-30T14:11:47.153084,SMCI,61.45,1,61.47,1
1600,2025-07-30T14:11:47.155236,SMCI,61.45,1,61.47,2
1601,2025-07-30T14:11:47.496607,SMCI,59.35,4,61.47,2
1602,2025-07-30T14:11:47.521612,SMCI,61.45,1,61.47,2
1603,2025-07-30T14:11:47.833292,SMCI,59.35,4,61.47,2
1604,2025-07-30T14:11:47.866691,SMCI,61.45,1,61.47,2
1605,2025-07-30T14:11:47.869411,SMCI,59.35,4,61.47,2
1606,2025-07-30T14:11:48.293685,SMCI,61.45,1,61.47,2
1607,2025-07-30T14:11:48.606960,SMCI,61.45,1,61.47,1
1608,2025-07-30T14:11:48.609698,SMCI,61.45,1,61.49,1
1609,2025-07-30T14:11:48.702775,SMCI,61.45,1,61.47,1
1610,2025-07-30T14:11:48.704864,SMCI,61.45,1,61.47,2
1611,2025-07-30T14:11:49.605391,SMCI,61.45,1,61.47,1
1612,2025-07-30T14:11:49.606071,SMCI,61.45,1,61.49,1
1613,2025-07-30T14:11:50.113983,SMCI,61.45,1,61.47,1
1614,2025-07-30T14:11:50.116802,SMCI,59.35,4,61.47,1
1615,2025-07-30T14:11:50.118384,SMCI,59.35,4,61.47,2
1616,2025-07-30T14:11:50.297593,SMCI,59.35,4,61.47,3
1617,2025-07-30T14:11:50.442547,SMCI,59.35,4,61.47,4
1618,2025-07-30T14:11:50.670307,SMCI,59.35,4,61.47,3
1619,2025-07-30T14:11:50.688656,SMCI,61.45,1,61.47,3
1620,2025-07-30T14:11:50.709722,SMCI,59.35,4,61.47,3
1621,2025-07-30T14:11:51.065204,SMCI,59.35,4,61.47,4
1622,2025-07-30T14:11:51.067375,SMCI,59.35,4,61.47,3
1623,2025-07-30T14:11:51.068984,SMCI,59.35,4,61.47,4
1624,2025-07-30T14:11:51.070477,SMCI,59.35,4,61.47,3
1625,2025-07-30T14:11:51.072391,SMCI,59.35,4,61.47,4
1626,2025-07-30T14:11:51.075965,SMCI,59.35,4,61.47,3
1627,2025-07-30T14:11:51.078918,SMCI,59.35,4,61.47,4
1628,2025-07-30T14:11:51.079961,SMCI,59.35,4,61.47,5
1629,2025-07-30T14:11:51.080704,SMCI,59.35,4,61.47,4
1630,2025-07-30T14:11:51.081380,SMCI,59.35,4,61.47,4
1631,2025-07-30T14:11:51.082656,SMCI,59.35,4,61.47,4
1632,2025-07-30T14:11:51.083297,SMCI,59.35,4,61.46,1
1633,2025-07-30T14:11:51.083827,SMCI,59.35,4,61.46,2
1634,2025-07-30T14:11:51.084437,SMCI,59.35,4,61.46,1
1635,2025-07-30T14:11:51.085034,SMCI,59.35,4,61.47,3
1636,2025-07-30T14:11:51.085624,SMCI,59.35,4,61.46,1
1637,2025-07-30T14:11:51.086217,SMCI,59.35,4,61.46,2
1638,2025-07-30T14:11:51.086785,SMCI,59.35,4,61.46,3
1639,2025-07-30T14:11:51.087298,SMCI,61.43,1,61.46,3
1640,2025-07-30T14:11:51.087830,SMCI,61.44,1,61.46,3
1641,2025-07-30T14:11:51.088269,SMCI,61.44,2,61.46,3
1642,2025-07-30T14:11:51.089394,SMCI,61.44,2,61.46,2
1643,2025-07-30T14:11:51.090081,SMCI,61.44,1,61.46,2
1644,2025-07-30T14:11:51.090710,SMCI,61.44,1,61.46,3
1645,2025-07-30T14:11:51.117900,SMCI,61.44,1,61.46,2
1646,2025-07-30T14:11:51.118547,SMCI,61.44,1,61.46,1
1647,2025-07-30T14:11:51.118938,SMCI,61.44,1,61.47,2
1648,2025-07-30T14:11:51.119275,SMCI,61.44,1,61.47,1
1649,2025-07-30T14:11:51.119633,SMCI,61.44,1,61.47,2
1650,2025-07-30T14:11:51.127865,SMCI,61.44,1,61.47,3
1651,2025-07-30T14:11:51.128359,SMCI,61.44,1,61.47,2
1652,2025-07-30T14:11:51.128702,SMCI,61.44,2,61.47,2
1653,2025-07-30T14:11:51.129023,SMCI,61.44,2,61.47,3
1654,2025-07-30T14:11:51.141540,SMCI,61.44,2,61.47,2
1655,2025-07-30T14:11:51.792014,SMCI,61.44,2,61.47,3
1656,2025-07-30T14:11:51.985101,SMCI,61.43,2,61.47,3
1657,2025-07-30T14:11:51.987855,SMCI,61.43,2,61.47,2
1658,2025-07-30T14:11:51.989672,SMCI,61.43,2,61.47,3
1659,2025-07-30T14:11:51.991166,SMCI,61.43,2,61.47,2
1660,2025-07-30T14:11:51.992821,SMCI,61.43,2,61.47,3
1661,2025-07-30T14:11:51.994366,SMCI,61.43,2,61.47,2
1662,2025-07-30T14:11:51.996145,SMCI,61.43,2,61.47,3
1663,2025-07-30T14:11:51.998473,SMCI,61.43,2,61.47,2
1664,2025-07-30T14:11:51.999576,SMCI,61.43,2,61.47,1
1665,2025-07-30T14:11:52.000495,SMCI,61.43,2,61.47,2
1666,2025-07-30T14:11:52.001552,SMCI,61.43,2,61.47,3
1667,2025-07-30T14:11:52.003265,SMCI,61.43,1,61.47,3
1668,2025-07-30T14:11:52.004230,SMCI,61.43,2,61.47,3
1669,2025-07-30T14:11:52.004904,SMCI,61.43,1,61.47,3
1670,2025-07-30T14:11:52.005516,SMCI,61.43,2,61.47,3
1671,2025-07-30T14:11:52.006196,SMCI,61.43,1,61.47,3
1672,2025-07-30T14:11:52.006873,SMCI,61.43,2,61.47,3
1673,2025-07-30T14:11:52.007456,SMCI,61.43,1,61.47,3
1674,2025-07-30T14:11:52.007982,SMCI,61.43,2,61.47,3
1675,2025-07-30T14:11:52.008578,SMCI,61.43,1,61.47,3
1676,2025-07-30T14:11:52.009128,SMCI,61.43,2,61.47,3
1677,2025-07-30T14:11:52.009759,SMCI,61.43,1,61.47,3
1678,2025-07-30T14:11:52.010302,SMCI,61.43,2,61.47,3
1679,2025-07-30T14:11:52.011878,SMCI,61.43,1,61.47,3
1680,2025-07-30T14:11:52.012476,SMCI,61.43,2,61.47,3
1681,2025-07-30T14:11:52.013011,SMCI,61.43,1,61.47,3
1682,2025-07-30T14:11:52.013498,SMCI,61.43,2,61.47,3
1683,2025-07-30T14:11:52.013978,SMCI,61.43,1,61.47,3
1684,2025-07-30T14:11:52.014501,SMCI,61.43,2,61.47,3
1685,2025-07-30T14:11:52.014958,SMCI,61.43,1,61.47,3
1686,2025-07-30T14:11:52.015394,SMCI,61.44,1,61.47,3
1687,2025-07-30T14:11:52.015828,SMCI,61.44,2,61.47,3
1688,2025-07-30T14:11:52.016249,SMCI,61.44,1,61.47,3
1689,2025-07-30T14:11:52.016755,SMCI,61.44,2,61.47,3
1690,2025-07-30T14:11:52.017411,SMCI,61.44,2,61.47,2
1691,2025-07-30T14:11:52.360244,SMCI,61.44,1,61.47,2
1692,2025-07-30T14:11:52.362426,SMCI,61.44,2,61.47,2
1693,2025-07-30T14:11:52.368642,SMCI,61.44,1,61.47,2
1694,2025-07-30T14:11:52.373749,SMCI,61.44,2,61.47,2
1695,2025-07-30T14:11:52.376556,SMCI,61.44,1,61.47,2
1696,2025-07-30T14:11:52.377942,SMCI,61.44,2,61.47,2
1697,2025-07-30T14:11:52.379089,SMCI,61.44,1,61.47,2
1698,2025-07-30T14:11:52.380020,SMCI,61.44,2,61.47,2
1699,2025-07-30T14:11:52.381521,SMCI,61.44,1,61.47,2
1700,2025-07-30T14:11:52.382412,SMCI,61.44,2,61.47,2
1701,2025-07-30T14:11:52.383446,SMCI,61.44,1,61.47,2
1702,2025-07-30T14:11:52.384102,SMCI,61.44,2,61.47,2
1703,2025-07-30T14:11:52.384808,SMCI,61.44,1,61.47,2
1704,2025-07-30T14:11:52.403946,SMCI,61.44,2,61.47,2
1705,2025-07-30T14:11:52.745765,SMCI,61.44,1,61.47,2
1706,2025-07-30T14:11:52.748214,SMCI,61.44,2,61.47,2
1707,2025-07-30T14:11:52.750361,SMCI,61.44,1,61.47,2
1708,2025-07-30T14:11:52.751650,SMCI,61.44,2,61.47,2
1709,2025-07-30T14:11:52.752992,SMCI,61.44,1,61.47,2
1710,2025-07-30T14:11:52.754417,SMCI,61.44,2,61.47,2
1711,2025-07-30T14:11:52.756244,SMCI,61.44,1,61.47,2
1712,2025-07-30T14:11:52.757661,SMCI,61.45,1,61.47,2
1713,2025-07-30T14:11:52.760230,SMCI,61.45,2,61.47,2
1714,2025-07-30T14:11:52.761203,SMCI,61.45,1,61.47,2
1715,2025-07-30T14:11:52.762958,SMCI,61.44,3,61.47,2
1716,2025-07-30T14:11:52.763854,SMCI,61.44,2,61.47,2
1717,2025-07-30T14:11:52.764541,SMCI,61.44,3,61.47,2
1718,2025-07-30T14:11:52.765296,SMCI,61.44,2,61.47,2
1719,2025-07-30T14:11:52.766167,SMCI,61.44,3,61.47,2
1720,2025-07-30T14:11:52.767014,SMCI,61.44,2,61.47,2
1721,2025-07-30T14:11:52.772478,SMCI,61.44,3,61.47,2
1722,2025-07-30T14:11:53.095701,SMCI,61.44,2,61.47,2
1723,2025-07-30T14:11:53.159870,SMCI,61.44,2,61.47,3
1724,2025-07-30T14:11:53.174993,SMCI,61.44,2,61.47,2
1725,2025-07-30T14:11:53.176743,SMCI,61.44,2,61.47,3
1726,2025-07-30T14:11:53.178222,SMCI,61.44,2,61.47,2
1727,2025-07-30T14:11:53.179786,SMCI,61.44,2,61.47,3
1728,2025-07-30T14:11:53.181829,SMCI,61.44,2,61.47,2
1729,2025-07-30T14:11:53.183658,SMCI,61.44,2,61.47,3
1730,2025-07-30T14:11:53.184865,SMCI,61.44,2,61.47,2
1731,2025-07-30T14:11:53.185555,SMCI,61.44,2,61.47,3
1732,2025-07-30T14:11:53.186613,SMCI,61.44,2,61.47,2
1733,2025-07-30T14:11:53.187550,SMCI,61.44,2,61.47,3
1734,2025-07-30T14:11:53.188080,SMCI,61.44,2,61.47,2
1735,2025-07-30T14:11:53.188597,SMCI,61.44,2,61.47,3
1736,2025-07-30T14:11:53.303183,SMCI,61.44,2,61.47,2
1737,2025-07-30T14:11:53.305102,SMCI,61.44,2,61.47,3
1738,2025-07-30T14:11:53.306181,SMCI,61.44,2,61.47,2
1739,2025-07-30T14:11:53.307337,SMCI,61.44,2,61.47,1
1740,2025-07-30T14:11:53.308581,SMCI,61.44,2,61.47,2
1741,2025-07-30T14:11:53.339888,SMCI,61.44,2,61.47,1
1742,2025-07-30T14:11:53.341909,SMCI,61.44,2,61.47,2
1743,2025-07-30T14:11:53.343548,SMCI,61.44,2,61.47,1
1744,2025-07-30T14:11:53.350387,SMCI,61.44,2,61.47,2
1745,2025-07-30T14:11:53.354116,SMCI,61.44,2,61.47,1
1746,2025-07-30T14:11:53.356131,SMCI,61.44,2,61.47,2
1747,2025-07-30T14:11:53.357692,SMCI,61.44,2,61.47,1
1748,2025-07-30T14:11:53.359260,SMCI,61.44,2,61.46,1
1749,2025-07-30T14:11:53.427761,SMCI,61.44,2,61.46,2
1750,2025-07-30T14:11:53.429787,SMCI,61.44,1,61.46,2
1751,2025-07-30T14:11:53.430896,SMCI,59.35,4,61.46,2
1752,2025-07-30T14:11:53.431807,SMCI,59.35,4,61.46,3
1753,2025-07-30T14:11:53.432588,SMCI,59.35,4,61.46,2
1754,2025-07-30T14:11:53.433460,SMCI,59.35,4,61.46,3
1755,2025-07-30T14:11:53.434457,SMCI,59.35,4,61.46,2
1756,2025-07-30T14:11:53.436606,SMCI,59.35,4,61.46,1
1757,2025-07-30T14:11:53.437806,SMCI,59.35,4,61.46,2
1758,2025-07-30T14:11:53.440303,SMCI,59.35,4,61.46,1
1759,2025-07-30T14:11:53.441175,SMCI,59.35,4,61.46,2
1760,2025-07-30T14:11:53.441783,SMCI,59.35,4,61.46,1
1761,2025-07-30T14:11:53.442302,SMCI,59.35,4,61.46,2
1762,2025-07-30T14:11:53.442777,SMCI,59.35,4,61.46,1
1763,2025-07-30T14:11:53.443615,SMCI,59.35,4,61.45,1
1764,2025-07-30T14:11:53.445485,SMCI,59.35,4,61.45,2
1765,2025-07-30T14:11:53.446171,SMCI,59.35,4,61.45,1
1766,2025-07-30T14:11:53.446743,SMCI,59.35,4,61.46,1
1767,2025-07-30T14:11:53.447275,SMCI,59.35,4,61.45,1
1768,2025-07-30T14:11:53.447807,SMCI,59.35,4,61.46,1
1769,2025-07-30T14:11:53.448339,SMCI,59.35,4,61.46,1
1770,2025-07-30T14:11:53.448855,SMCI,61.43,1,61.46,1
1771,2025-07-30T14:11:53.449501,SMCI,61.43,1,61.45,1
1772,2025-07-30T14:11:53.450055,SMCI,61.43,1,61.45,2
1773,2025-07-30T14:11:53.450668,SMCI,61.43,1,61.45,2
1774,2025-07-30T14:11:53.451452,SMCI,59.35,4,61.45,2
1775,2025-07-30T14:11:53.460533,SMCI,59.35,4,61.45,3
1776,2025-07-30T14:11:53.466623,SMCI,61.43,1,61.45,3
1777,2025-07-30T14:11:53.467225,SMCI,61.43,2,61.45,3
1778,2025-07-30T14:11:53.467741,SMCI,61.43,1,61.45,3
1779,2025-07-30T14:11:53.470288,SMCI,61.43,1,61.45,2
1780,2025-07-30T14:11:53.500310,SMCI,61.42,1,61.45,2
1781,2025-07-30T14:11:53.501053,SMCI,59.35,4,61.45,2
1782,2025-07-30T14:11:53.501710,SMCI,61.42,1,61.45,2
1783,2025-07-30T14:11:53.502312,SMCI,61.42,1,61.45,3
1784,2025-07-30T14:11:53.502933,SMCI,59.35,4,61.45,3
1785,2025-07-30T14:11:53.503518,SMCI,61.42,1,61.45,3
1786,2025-07-30T14:11:53.504036,SMCI,59.35,4,61.45,3
1787,2025-07-30T14:11:53.504549,SMCI,61.42,1,61.45,3
1788,2025-07-30T14:11:53.505072,SMCI,59.35,4,61.45,3
1789,2025-07-30T14:11:53.505649,SMCI,61.42,1,61.45,3
1790,2025-07-30T14:11:53.506583,SMCI,59.35,4,61.45,3
1791,2025-07-30T14:11:53.507128,SMCI,61.43,1,61.45,3
1792,2025-07-30T14:11:53.507651,SMCI,61.43,2,61.45,3
1793,2025-07-30T14:11:53.508154,SMCI,61.43,1,61.45,3
1794,2025-07-30T14:11:53.519472,SMCI,61.43,1,61.45,2
1795,2025-07-30T14:11:53.534475,SMCI,61.43,1,61.45,3
1796,2025-07-30T14:11:53.559879,SMCI,61.43,1,61.45,2
1797,2025-07-30T14:11:53.582533,SMCI,61.42,1,61.45,2
1798,2025-07-30T14:11:53.587631,SMCI,61.42,1,61.45,3
1799,2025-07-30T14:11:53.589266,SMCI,59.35,4,61.45,3
1800,2025-07-30T14:11:53.591966,SMCI,61.42,1,61.45,3
1801,2025-07-30T14:11:53.593106,SMCI,59.35,4,61.45,3
1802,2025-07-30T14:11:53.593898,SMCI,61.42,1,61.45,3
1803,2025-07-30T14:11:53.594840,SMCI,59.35,4,61.45,3
1804,2025-07-30T14:11:53.595471,SMCI,61.42,1,61.45,3
1805,2025-07-30T14:11:53.596027,SMCI,59.35,4,61.45,3
1806,2025-07-30T14:11:53.596672,SMCI,59.35,4,61.45,2
1807,2025-07-30T14:11:53.597214,SMCI,59.35,4,61.45,1
1808,2025-07-30T14:11:53.598141,SMCI,59.35,4,61.45,2
1809,2025-07-30T14:11:53.598898,SMCI,59.35,4,61.45,3
1810,2025-07-30T14:11:53.652116,SMCI,61.43,1,61.45,3
1811,2025-07-30T14:11:53.720121,SMCI,59.35,4,61.45,3
1812,2025-07-30T14:11:54.354294,SMCI,59.35,4,61.44,1
1813,2025-07-30T14:11:54.356903,SMCI,59.35,4,61.44,2
1814,2025-07-30T14:11:54.358565,SMCI,59.35,4,61.44,3
1815,2025-07-30T14:11:54.360180,SMCI,59.35,4,61.44,4
1816,2025-07-30T14:11:54.362216,SMCI,59.35,4,61.44,3
1817,2025-07-30T14:11:54.363803,SMCI,59.35,4,61.44,4
1818,2025-07-30T14:11:54.365116,SMCI,59.35,4,61.44,5
1819,2025-07-30T14:11:54.367331,SMCI,59.35,4,61.44,4
1820,2025-07-30T14:11:54.368963,SMCI,59.35,4,61.44,4
1821,2025-07-30T14:11:54.371140,SMCI,59.35,4,61.44,4
1822,2025-07-30T14:11:54.371854,SMCI,59.35,4,61.44,3
1823,2025-07-30T14:11:54.372570,SMCI,59.35,4,61.44,4
1824,2025-07-30T14:11:54.373203,SMCI,59.35,4,61.44,3
1825,2025-07-30T14:11:54.373889,SMCI,59.35,4,61.44,2
1826,2025-07-30T14:11:54.374473,SMCI,61.41,1,61.44,2
1827,2025-07-30T14:11:54.374985,SMCI,59.35,4,61.44,2
1828,2025-07-30T14:11:54.375544,SMCI,61.41,1,61.44,2
1829,2025-07-30T14:11:54.376089,SMCI,59.35,4,61.44,2
1830,2025-07-30T14:11:54.376698,SMCI,59.35,4,61.43,1
1831,2025-07-30T14:11:54.377385,SMCI,59.35,4,61.43,2
1832,2025-07-30T14:11:54.378275,SMCI,59.35,4,61.43,1
1833,2025-07-30T14:11:54.378812,SMCI,61.41,1,61.43,1
1834,2025-07-30T14:11:54.379709,SMCI,61.41,1,61.43,2
1835,2025-07-30T14:11:54.380182,SMCI,61.41,1,61.43,1
1836,2025-07-30T14:11:54.380700,SMCI,59.35,4,61.43,1
1837,2025-07-30T14:11:54.381178,SMCI,61.41,1,61.43,1
1838,2025-07-30T14:11:54.877245,SMCI,61.41,1,61.44,3
1839,2025-07-30T14:11:54.879998,SMCI,61.41,1,61.44,2
1840,2025-07-30T14:11:54.881551,SMCI,61.41,2,61.44,2
1841,2025-07-30T14:11:54.883518,SMCI,61.41,1,61.44,2
1842,2025-07-30T14:11:54.886102,SMCI,61.41,1,61.44,3
1843,2025-07-30T14:11:54.887953,SMCI,59.35,4,61.44,3
1844,2025-07-30T14:11:54.890909,SMCI,61.41,1,61.44,3
1845,2025-07-30T14:11:54.892028,SMCI,61.41,1,61.44,2
1846,2025-07-30T14:11:54.893243,SMCI,59.35,4,61.44,2
1847,2025-07-30T14:11:54.894092,SMCI,59.35,4,61.44,1
1848,2025-07-30T14:11:54.894949,SMCI,61.41,1,61.44,1
1849,2025-07-30T14:11:54.896253,SMCI,61.41,1,61.44,2
1850,2025-07-30T14:11:54.897001,SMCI,61.41,1,61.44,3
1851,2025-07-30T14:11:54.897605,SMCI,61.41,1,61.45,4
1852,2025-07-30T14:11:54.898199,SMCI,61.41,1,61.45,3
1853,2025-07-30T14:11:54.898768,SMCI,61.41,1,61.45,3
1854,2025-07-30T14:11:54.900553,SMCI,61.41,1,61.45,3
1855,2025-07-30T14:11:54.901034,SMCI,61.41,1,61.45,2
1856,2025-07-30T14:11:54.901491,SMCI,61.41,1,61.45,1
1857,2025-07-30T14:11:54.901958,SMCI,59.35,4,61.45,1
1858,2025-07-30T14:11:54.902525,SMCI,61.42,1,61.45,1
1859,2025-07-30T14:11:54.902988,SMCI,61.42,1,61.46,1
1860,2025-07-30T14:11:54.903688,SMCI,59.35,4,61.46,1
1861,2025-07-30T14:11:54.904178,SMCI,59.35,4,61.44,1
1862,2025-07-30T14:11:54.904630,SMCI,59.35,4,61.46,1
1863,2025-07-30T14:11:54.905164,SMCI,61.42,1,61.46,1
1864,2025-07-30T14:11:54.905760,SMCI,61.42,1,61.44,1
1865,2025-07-30T14:11:54.906244,SMCI,61.42,1,61.44,2
1866,2025-07-30T14:11:54.906679,SMCI,61.41,1,61.44,2
1867,2025-07-30T14:11:54.907126,SMCI,59.35,4,61.44,2
1868,2025-07-30T14:11:54.907567,SMCI,59.35,4,61.44,3
1869,2025-07-30T14:11:54.907990,SMCI,59.35,4,61.44,2
1870,2025-07-30T14:11:54.908405,SMCI,59.35,4,61.43,1
1871,2025-07-30T14:11:54.908833,SMCI,59.35,4,61.43,2
1872,2025-07-30T14:11:54.909225,SMCI,59.35,4,61.44,3
1873,2025-07-30T14:11:54.909723,SMCI,59.35,4,61.44,2
1874,2025-07-30T14:11:54.910260,SMCI,59.35,4,61.44,1
1875,2025-07-30T14:11:54.910807,SMCI,59.35,4,61.46,1
1876,2025-07-30T14:11:54.911243,SMCI,61.41,1,61.46,1
1877,2025-07-30T14:11:54.911761,SMCI,61.41,1,61.44,1
1878,2025-07-30T14:11:54.912168,SMCI,61.41,1,61.44,2
1879,2025-07-30T14:11:54.912553,SMCI,59.35,4,61.44,2
1880,2025-07-30T14:11:54.912925,SMCI,61.41,1,61.44,2
1881,2025-07-30T14:11:54.913293,SMCI,61.41,1,61.44,2
1882,2025-07-30T14:11:54.913686,SMCI,59.35,4,61.44,2
1883,2025-07-30T14:11:54.914108,SMCI,61.41,1,61.44,2
1884,2025-07-30T14:11:54.914510,SMCI,59.35,4,61.44,2
1885,2025-07-30T14:11:54.914860,SMCI,61.41,1,61.44,2
1886,2025-07-30T14:11:54.915310,SMCI,59.35,4,61.44,2
1887,2025-07-30T14:11:54.915670,SMCI,61.42,1,61.44,2
1888,2025-07-30T14:11:54.916163,SMCI,61.42,1,61.44,2
1889,2025-07-30T14:11:54.916964,SMCI,61.42,1,61.45,2
1890,2025-07-30T14:11:54.917612,SMCI,61.42,1,61.45,1
1891,2025-07-30T14:11:54.917968,SMCI,61.42,1,61.46,1
1892,2025-07-30T14:11:54.918307,SMCI,59.35,4,61.46,1
1893,2025-07-30T14:11:54.918649,SMCI,61.42,1,61.46,1
1894,2025-07-30T14:11:54.918993,SMCI,61.42,1,61.45,1
1895,2025-07-30T14:11:54.919384,SMCI,59.35,4,61.45,1
1896,2025-07-30T14:11:54.919768,SMCI,61.43,1,61.45,1
1897,2025-07-30T14:11:54.920125,SMCI,59.35,4,61.45,1
1898,2025-07-30T14:11:54.920511,SMCI,61.43,1,61.45,1
1899,2025-07-30T14:11:54.920886,SMCI,59.35,4,61.45,1
1900,2025-07-30T14:11:54.921230,SMCI,61.43,1,61.45,1
1901,2025-07-30T14:11:54.921571,SMCI,59.35,4,61.45,1
1902,2025-07-30T14:11:54.921906,SMCI,61.43,1,61.45,1
1903,2025-07-30T14:11:54.922694,SMCI,61.44,1,61.45,1
1904,2025-07-30T14:11:54.923027,SMCI,61.43,1,61.45,1
1905,2025-07-30T14:11:54.923363,SMCI,59.35,4,61.45,1
